<?xml version="1.0" encoding="UTF-8"?>
<!DOCTYPE html PUBLIC "-//W3C//DTD XHTML 1.0 Transitional//EN"
    "http://www.w3.org/TR/xhtml1/DTD/xhtml1-transitional.dtd">
<html xmlns="http://www.w3.org/1999/xhtml" xml:lang="en" lang="en">
 <head>
  <title>
</title>
<meta http-equiv="Content-Type" content="text/html;charset=utf-8" />
  <meta name='ocr-system' content='tesseract 3.04.00' />
  <meta name='ocr-capabilities' content='ocr_page ocr_carea ocr_par ocr_line ocrx_word'/>
</head>
<body>
  <div class='ocr_page' id='page_1' title='image "./ecclesiaepisana01mattgoog/ecclesiaepisana01mattgoog_0119.png"; bbox 0 0 4267 5884; ppageno 0'>
   <div class='ocr_carea' id='block_1_1' title="bbox 140 481 1559 1049">
    <p class='ocr_par' dir='ltr' id='par_1_1' title="bbox 140 481 1559 1049">
     <span class='ocr_line' id='line_1_1' title="bbox 378 481 1559 588; baseline 0 -20"><span class='ocrx_word' id='word_1_1' title='bbox 378 483 416 553; x_wconf 73' lang='lat' dir='ltr'>f</span> <span class='ocrx_word' id='word_1_2' title='bbox 527 481 1014 572; x_wconf 78' lang='lat' dir='ltr'><strong><em>HISTORIA.</em></strong></span> <span class='ocrx_word' id='word_1_3' title='bbox 1358 514 1409 588; x_wconf 81' lang='lat'>9¹</span> <span class='ocrx_word' id='word_1_4' title='bbox 1556 491 1559 496; x_wconf 66' lang='lat'><em>&#39;</em></span> 
     </span>
     <span class='ocr_line' id='line_1_2' title="bbox 142 590 1481 713; baseline 0 -31"><span class='ocrx_word' id='word_1_5' title='bbox 142 614 231 683; x_wconf 81' lang='lat' dir='ltr'>res.</span> <span class='ocrx_word' id='word_1_6' title='bbox 267 594 411 708; x_wconf 85' lang='lat' dir='ltr'>Itrque</span> <span class='ocrx_word' id='word_1_7' title='bbox 441 592 640 683; x_wconf 72' lang='lat' dir='ltr'>Reciores</span> <span class='ocrx_word' id='word_1_8' title='bbox 668 595 821 683; x_wconf 81' lang='lat' dir='ltr'>laudati</span> <span class='ocrx_word' id='word_1_9' title='bbox 850 596 902 684; x_wconf 86' lang='lat' dir='ltr'>ad</span> <span class='ocrx_word' id='word_1_10' title='bbox 938 604 1144 713; x_wconf 86' lang='lat' dir='ltr'>Joannern</span> <span class='ocrx_word' id='word_1_11' title='bbox 1181 590 1481 711; x_wconf 69' lang='lat' dir='ltr'>Archiepiscoae</span> 
     </span>
     <span class='ocr_line' id='line_1_3' title="bbox 140 709 1476 828; baseline 0.003 -35"><span class='ocrx_word' id='word_1_12' title='bbox 140 735 236 826; x_wconf 79' lang='lat' dir='ltr'>punt</span> <span class='ocrx_word' id='word_1_13' title='bbox 265 713 561 822; x_wconf 81' lang='lat' dir='ltr'>coniugerunt‚</span> <span class='ocrx_word' id='word_1_14' title='bbox 587 723 657 822; x_wconf 86' lang='lat' dir='ltr'>qui</span> <span class='ocrx_word' id='word_1_15' title='bbox 685 740 806 821; x_wconf 83' lang='lat' dir='ltr'>aegre</span> <span class='ocrx_word' id='word_1_16' title='bbox 837 710 879 796; x_wconf 92' lang='lat' dir='ltr'>id</span> <span class='ocrx_word' id='word_1_17' title='bbox 906 716 1027 809; x_wconf 84' lang='lat' dir='ltr'>tulit,</span> <span class='ocrx_word' id='word_1_18' title='bbox 1071 710 1332 828; x_wconf 87' lang='lat' dir='ltr'>proindeque</span> <span class='ocrx_word' id='word_1_19' title='bbox 1364 709 1476 819; x_wconf 81' lang='lat' dir='ltr'>juffie</span> 
     </span>
     <span class='ocr_line' id='line_1_4' title="bbox 140 823 1477 921; baseline 0.001 -11"><span class='ocrx_word' id='word_1_20' title='bbox 140 828 364 911; x_wconf 82' lang='lat' dir='ltr'>Leonardo</span> <span class='ocrx_word' id='word_1_21' title='bbox 390 826 442 908; x_wconf 91' lang='lat' dir='ltr'>de</span> <span class='ocrx_word' id='word_1_22' title='bbox 471 825 659 921; x_wconf 75' lang='lat' dir='ltr'>casuris,</span> <span class='ocrx_word' id='word_1_23' title='bbox 692 830 860 914; x_wconf 75' lang='lat' dir='ltr'>nestori</span> <span class='ocrx_word' id='word_1_24' title='bbox 888 823 1090 916; x_wconf 82' lang='lat' dir='ltr'>Eccieiiae</span> <span class='ocrx_word' id='word_1_25' title='bbox 1120 829 1287 913; x_wconf 76' lang='lat' dir='ltr'>sanetae</span> <span class='ocrx_word' id='word_1_26' title='bbox 1315 829 1477 914; x_wconf 81' lang='lat' dir='ltr'>Mariae</span> 
     </span>
     <span class='ocr_line' id='line_1_5' title="bbox 142 938 1478 1049; baseline 0.002 -24"><span class='ocrx_word' id='word_1_27' title='bbox 142 938 260 1049; x_wconf 84' lang='lat' dir='ltr'>Ughr’</span> <span class='ocrx_word' id='word_1_28' title='bbox 287 938 339 1024; x_wconf 88' lang='lat' dir='ltr'>de</span> <span class='ocrx_word' id='word_1_29' title='bbox 368 941 593 1038; x_wconf 82' lang='lat' dir='ltr'>Florentia,</span> <span class='ocrx_word' id='word_1_30' title='bbox 612 941 785 1028; x_wconf 87' lang='lat' dir='ltr'>Vieario</span> <span class='ocrx_word' id='word_1_31' title='bbox 813 941 909 1034; x_wconf 84' lang='lat' dir='ltr'>suo,</span> <span class='ocrx_word' id='word_1_32' title='bbox 938 964 1155 1029; x_wconf 88' lang='lat' dir='ltr'>utcontra</span> <span class='ocrx_word' id='word_1_33' title='bbox 1186 939 1478 1028; x_wconf 61' lang='lat' dir='ltr'>Bernarduma</span> 
     </span>
    </p>
   </div>
   <div class='ocr_carea' id='block_1_2' title="bbox 140 1051 1616 1172">
    <p class='ocr_par' dir='ltr' id='par_1_2' title="bbox 140 1051 1616 1172">
     <span class='ocr_line' id='line_1_6' title="bbox 140 1051 1616 1172; baseline 0.002 -33"><span class='ocrx_word' id='word_1_34' title='bbox 140 1076 322 1164; x_wconf 76' lang='lat' dir='ltr'>igeret:</span> <span class='ocrx_word' id='word_1_35' title='bbox 360 1059 543 1142; x_wconf 83' lang='lat' dir='ltr'>Vrcarius</span> <span class='ocrx_word' id='word_1_36' title='bbox 570 1084 702 1143; x_wconf 89' lang='lat' dir='ltr'>autent</span> <span class='ocrx_word' id='word_1_37' title='bbox 727 1084 839 1142; x_wconf 88' lang='lat' dir='ltr'>anno</span> <span class='ocrx_word' id='word_1_38' title='bbox 870 1086 990 1169; x_wconf 84' lang='lat'>1353.</span> <span class='ocrx_word' id='word_1_39' title='bbox 1021 1056 1087 1139; x_wconf 87' lang='lat' dir='ltr'>die</span> <span class='ocrx_word' id='word_1_40' title='bbox 1124 1085 1186 1160; x_wconf 86' lang='lat'>14·</span> <span class='ocrx_word' id='word_1_41' title='bbox 1210 1059 1393 1172; x_wconf 88' lang='lat' dir='ltr'>Januarii</span> <span class='ocrx_word' id='word_1_42' title='bbox 1423 1051 1478 1137; x_wconf 82' lang='lat' dir='ltr'>ad</span> <span class='ocrx_word' id='word_1_43' title='bbox 1608 1127 1616 1142; x_wconf 91' lang='lat'>.</span> 
     </span>
    </p>
   </div>
   <div class='ocr_carea' id='block_1_3' title="bbox 18 1167 1475 2999">
    <p class='ocr_par' dir='ltr' id='par_1_3' title="bbox 18 1167 1475 2999">
     <span class='ocr_line' id='line_1_7' title="bbox 143 1167 1472 1282; baseline 0.004 -31"><span class='ocrx_word' id='word_1_44' title='bbox 143 1167 434 1282; x_wconf 82' lang='lat' dir='ltr'>cumscrrpfit,</span> <span class='ocrx_word' id='word_1_45' title='bbox 455 1176 602 1280; x_wconf 85' lang='lat' dir='ltr'>eique,</span> <span class='ocrx_word' id='word_1_46' title='bbox 635 1171 704 1259; x_wconf 89' lang='lat' dir='ltr'>nisr</span> <span class='ocrx_word' id='word_1_47' title='bbox 734 1198 982 1258; x_wconf 84' lang='lat' dir='ltr'>memoratos</span> <span class='ocrx_word' id='word_1_48' title='bbox 1012 1177 1210 1260; x_wconf 70' lang='lat' dir='ltr'>Restores</span> <span class='ocrx_word' id='word_1_49' title='bbox 1238 1201 1260 1253; x_wconf 89' lang='lat' dir='ltr'>a</span> <span class='ocrx_word' id='word_1_50' title='bbox 1288 1167 1472 1256; x_wconf 78' lang='lat' dir='ltr'>censuris</span> 
     </span>
     <span class='ocr_line' id='line_1_8' title="bbox 142 1278 1474 1388; baseline -0.003 -18"><span class='ocrx_word' id='word_1_51' title='bbox 142 1282 428 1370; x_wconf 79' lang='lat' dir='ltr'>Eccicsraiiicis</span> <span class='ocrx_word' id='word_1_52' title='bbox 459 1286 679 1381; x_wconf 75' lang='lat' dir='ltr'>liberaret,</span> <span class='ocrx_word' id='word_1_53' title='bbox 714 1312 781 1372; x_wconf 89' lang='lat' dir='ltr'>aut</span> <span class='ocrx_word' id='word_1_54' title='bbox 811 1286 906 1373; x_wconf 87' lang='lat' dir='ltr'>ilios</span> <span class='ocrx_word' id='word_1_55' title='bbox 944 1287 1138 1371; x_wconf 74' lang='lat' dir='ltr'>molestiis</span> <span class='ocrx_word' id='word_1_56' title='bbox 1168 1284 1302 1370; x_wconf 86' lang='lat' dir='ltr'>rursus</span> <span class='ocrx_word' id='word_1_57' title='bbox 1341 1278 1474 1388; x_wconf 78' lang='lat' dir='ltr'>affice·</span> 
     </span>
     <span class='ocr_line' id='line_1_9' title="bbox 140 1400 1474 1514; baseline 0 -32"><span class='ocrx_word' id='word_1_58' title='bbox 140 1420 235 1495; x_wconf 77' lang='lat' dir='ltr'>rer.</span> <span class='ocrx_word' id='word_1_59' title='bbox 274 1405 447 1482; x_wconf 86' lang='lat' dir='ltr'>minatus</span> <span class='ocrx_word' id='word_1_60' title='bbox 479 1403 534 1486; x_wconf 85' lang='lat' dir='ltr'>est</span> <span class='ocrx_word' id='word_1_61' title='bbox 562 1426 722 1513; x_wconf 87' lang='lat' dir='ltr'>praeter</span> <span class='ocrx_word' id='word_1_62' title='bbox 751 1402 848 1487; x_wconf 87' lang='lat' dir='ltr'>alias</span> <span class='ocrx_word' id='word_1_63' title='bbox 886 1429 1040 1514; x_wconf 83' lang='lat' dir='ltr'>poenas</span> <span class='ocrx_word' id='word_1_64' title='bbox 1073 1400 1474 1486; x_wconf 68' lang='lat' dir='ltr'>excommunicatio&lt;</span> 
     </span>
     <span class='ocr_line' id='line_1_10' title="bbox 141 1512 1473 1627; baseline 0 -32"><span class='ocrx_word' id='word_1_65' title='bbox 141 1537 267 1595; x_wconf 83' lang='lat' dir='ltr'>nem.</span> <span class='ocrx_word' id='word_1_66' title='bbox 294 1516 589 1600; x_wconf 78' lang='lat' dir='ltr'>Verumtamen</span> <span class='ocrx_word' id='word_1_67' title='bbox 609 1515 848 1601; x_wconf 85' lang='lat' dir='ltr'>Leonardus</span> <span class='ocrx_word' id='word_1_68' title='bbox 877 1540 922 1600; x_wconf 93' lang='lat' dir='ltr'>ut</span> <span class='ocrx_word' id='word_1_69' title='bbox 944 1539 1059 1601; x_wconf 87' lang='lat' dir='ltr'>caute</span> <span class='ocrx_word' id='word_1_70' title='bbox 1087 1539 1351 1627; x_wconf 81' lang='lat' dir='ltr'>operaretur,</span> <span class='ocrx_word' id='word_1_71' title='bbox 1390 1512 1473 1596; x_wconf 79' lang='lat' dir='ltr'>Re-</span> 
     </span>
     <span class='ocr_line' id='line_1_11' title="bbox 142 1627 1473 1741; baseline 0.001 -31"><span class='ocrx_word' id='word_1_72' title='bbox 142 1628 277 1710; x_wconf 75' lang='lat' dir='ltr'>riores</span> <span class='ocrx_word' id='word_1_73' title='bbox 304 1633 453 1711; x_wconf 77' lang='lat' dir='ltr'>citatos</span> <span class='ocrx_word' id='word_1_74' title='bbox 491 1631 572 1741; x_wconf 89' lang='lat' dir='ltr'>ipse</span> <span class='ocrx_word' id='word_1_75' title='bbox 601 1660 624 1713; x_wconf 92' lang='lat' dir='ltr'>a</span> <span class='ocrx_word' id='word_1_76' title='bbox 652 1629 827 1714; x_wconf 83' lang='lat' dir='ltr'>censuris</span> <span class='ocrx_word' id='word_1_77' title='bbox 862 1629 1067 1726; x_wconf 84' lang='lat' dir='ltr'>absolvit,</span> <span class='ocrx_word' id='word_1_78' title='bbox 1097 1658 1146 1714; x_wconf 88' lang='lat' dir='ltr'>ac</span> <span class='ocrx_word' id='word_1_79' title='bbox 1183 1651 1392 1740; x_wconf 87' lang='lat' dir='ltr'>praeterea</span> <span class='ocrx_word' id='word_1_80' title='bbox 1428 1627 1473 1711; x_wconf 90' lang='lat' dir='ltr'>in</span> 
     </span>
     <span class='ocr_line' id='line_1_12' title="bbox 142 1733 1473 1857; baseline 0.003 -37"><span class='ocrx_word' id='word_1_81' title='bbox 142 1741 345 1823; x_wconf 86' lang='lat' dir='ltr'>mandaris</span> <span class='ocrx_word' id='word_1_82' title='bbox 373 1738 486 1828; x_wconf 85' lang='lat' dir='ltr'>dedit</span> <span class='ocrx_word' id='word_1_83' title='bbox 509 1733 663 1857; x_wconf 75' lang='lat' dir='ltr'>Joarsni</span> <span class='ocrx_word' id='word_1_84' title='bbox 692 1747 862 1831; x_wconf 83' lang='lat' dir='ltr'>Ordinis</span> <span class='ocrx_word' id='word_1_85' title='bbox 892 1751 1078 1830; x_wconf 80' lang='lat' dir='ltr'>Fratrum</span> <span class='ocrx_word' id='word_1_86' title='bbox 1110 1747 1320 1830; x_wconf 89' lang='lat' dir='ltr'>Minorum</span> <span class='ocrx_word' id='word_1_87' title='bbox 1351 1741 1473 1824; x_wconf 80' lang='lat' dir='ltr'>Vica-</span> 
     </span>
     <span class='ocr_line' id='line_1_13' title="bbox 137 1855 1472 1966; baseline -0.001 -28"><span class='ocrx_word' id='word_1_88' title='bbox 137 1861 208 1938; x_wconf 86' lang='lat' dir='ltr'>rio</span> <span class='ocrx_word' id='word_1_89' title='bbox 232 1855 415 1962; x_wconf 85' lang='lat' dir='ltr'>generali</span> <span class='ocrx_word' id='word_1_90' title='bbox 444 1857 961 1948; x_wconf 60' lang='lat' dir='ltr'>montemacutum</span> <span class='ocrx_word' id='word_1_91' title='bbox 991 1859 1198 1948; x_wconf 87' lang='lat' dir='ltr'>absolutos</span> <span class='ocrx_word' id='word_1_92' title='bbox 1226 1881 1368 1941; x_wconf 88' lang='lat' dir='ltr'>coram</span> <span class='ocrx_word' id='word_1_93' title='bbox 1399 1880 1472 1966; x_wconf 88' lang='lat' dir='ltr'>po·</span> 
     </span>
     <span class='ocr_line' id='line_1_14' title="bbox 143 1964 1474 2085; baseline 0.003 -33"><span class='ocrx_word' id='word_1_94' title='bbox 143 1972 247 2083; x_wconf 88' lang='lat' dir='ltr'>puio</span> <span class='ocrx_word' id='word_1_95' title='bbox 273 1964 491 2066; x_wconf 87' lang='lat' dir='ltr'>assereret,</span> <span class='ocrx_word' id='word_1_96' title='bbox 527 1973 651 2081; x_wconf 89' lang='lat' dir='ltr'>idque</span> <span class='ocrx_word' id='word_1_97' title='bbox 681 1976 892 2058; x_wconf 91' lang='lat' dir='ltr'>Bernardo</span> <span class='ocrx_word' id='word_1_98' title='bbox 928 1973 1135 2085; x_wconf 85' lang='lat' dir='ltr'>Episcopo</span> <span class='ocrx_word' id='word_1_99' title='bbox 1166 1968 1474 2083; x_wconf 85' lang='lat' dir='ltr'>reprehesenta·</span> 
     </span>
     <span class='ocr_line' id='line_1_15' title="bbox 142 2079 1474 2199; baseline 0.001 -31"><span class='ocrx_word' id='word_1_100' title='bbox 142 2104 238 2175; x_wconf 81' lang='lat' dir='ltr'>ret,</span> <span class='ocrx_word' id='word_1_101' title='bbox 268 2084 333 2166; x_wconf 91' lang='lat' dir='ltr'>cui</span> <span class='ocrx_word' id='word_1_102' title='bbox 358 2086 483 2171; x_wconf 87' lang='lat' dir='ltr'>eriam</span> <span class='ocrx_word' id='word_1_103' title='bbox 520 2085 805 2197; x_wconf 85' lang='lat' dir='ltr'>subiungeret,</span> <span class='ocrx_word' id='word_1_104' title='bbox 833 2091 946 2199; x_wconf 90' lang='lat' dir='ltr'>quod</span> <span class='ocrx_word' id='word_1_105' title='bbox 979 2087 1003 2171; x_wconf 88' lang='lat' dir='ltr'>sr</span> <span class='ocrx_word' id='word_1_106' title='bbox 1034 2094 1066 2170; x_wconf 91' lang='lat' dir='ltr'>is</span> <span class='ocrx_word' id='word_1_107' title='bbox 1096 2084 1382 2181; x_wconf 81' lang='lat' dir='ltr'>existimasset,</span> <span class='ocrx_word' id='word_1_108' title='bbox 1413 2079 1474 2169; x_wconf 80' lang='lat' dir='ltr'>se·</span> 
     </span>
     <span class='ocr_line' id='line_1_16' title="bbox 144 2195 1474 2307; baseline 0.002 -26"><span class='ocrx_word' id='word_1_109' title='bbox 144 2202 250 2281; x_wconf 67' lang='lat' dir='ltr'>sium</span> <span class='ocrx_word' id='word_1_110' title='bbox 276 2197 317 2281; x_wconf 87' lang='lat' dir='ltr'>id</span> <span class='ocrx_word' id='word_1_111' title='bbox 345 2195 458 2287; x_wconf 86' lang='lat' dir='ltr'>fuisse</span> <span class='ocrx_word' id='word_1_112' title='bbox 485 2225 629 2288; x_wconf 85' lang='lat' dir='ltr'>contra</span> <span class='ocrx_word' id='word_1_113' title='bbox 655 2231 703 2284; x_wconf 90' lang='lat' dir='ltr'>ac</span> <span class='ocrx_word' id='word_1_114' title='bbox 728 2199 812 2297; x_wconf 84' lang='lat' dir='ltr'>fas,</span> <span class='ocrx_word' id='word_1_115' title='bbox 840 2205 882 2290; x_wconf 72' lang='lat' dir='ltr'>dc</span> <span class='ocrx_word' id='word_1_116' title='bbox 908 2203 997 2307; x_wconf 84' lang='lat' dir='ltr'>jurr</span> <span class='ocrx_word' id='word_1_117' title='bbox 1023 2197 1184 2298; x_wconf 83' lang='lat' dir='ltr'>sinunt,</span> <span class='ocrx_word' id='word_1_118' title='bbox 1213 2204 1320 2284; x_wconf 80' lang='lat' dir='ltr'>Pisas</span> <span class='ocrx_word' id='word_1_119' title='bbox 1356 2224 1474 2283; x_wconf 83' lang='lat' dir='ltr'>acce·</span> 
     </span>
     <span class='ocr_line' id='line_1_17' title="bbox 148 2310 1472 2428; baseline -0.003 -34"><span class='ocrx_word' id='word_1_120' title='bbox 148 2310 261 2395; x_wconf 88' lang='lat' dir='ltr'>deret</span> <span class='ocrx_word' id='word_1_121' title='bbox 286 2311 454 2398; x_wconf 76' lang='lat' dir='ltr'>caussam</span> <span class='ocrx_word' id='word_1_122' title='bbox 484 2314 593 2401; x_wconf 88' lang='lat' dir='ltr'>suam</span> <span class='ocrx_word' id='word_1_123' title='bbox 623 2316 829 2428; x_wconf 56' lang='lat' dir='ltr'>dissutus.</span> <span class='ocrx_word' id='word_1_124' title='bbox 857 2315 936 2397; x_wconf 87' lang='lat' dir='ltr'>Sed</span> <span class='ocrx_word' id='word_1_125' title='bbox 965 2312 1201 2400; x_wconf 74' lang='lat' dir='ltr'>Bernaedm</span> <span class='ocrx_word' id='word_1_126' title='bbox 1231 2317 1289 2397; x_wconf 91' lang='lat' dir='ltr'>ira</span> <span class='ocrx_word' id='word_1_127' title='bbox 1321 2338 1472 2400; x_wconf 79' lang='lat' dir='ltr'>excan-</span> 
     </span>
     <span class='ocr_line' id='line_1_18' title="bbox 149 2426 1471 2544; baseline 0.002 -38"><span class='ocrx_word' id='word_1_128' title='bbox 149 2426 308 2511; x_wconf 86' lang='lat' dir='ltr'>descens</span> <span class='ocrx_word' id='word_1_129' title='bbox 332 2427 792 2517; x_wconf 84' lang='lat' dir='ltr'>verbiscontumeiiosrs</span> <span class='ocrx_word' id='word_1_130' title='bbox 814 2433 1018 2544; x_wconf 88' lang='lat' dir='ltr'>Joannem</span> <span class='ocrx_word' id='word_1_131' title='bbox 1048 2432 1294 2520; x_wconf 87' lang='lat' dir='ltr'>Minoritam</span> <span class='ocrx_word' id='word_1_132' title='bbox 1322 2429 1471 2532; x_wconf 77' lang='lat' dir='ltr'>ejecit.</span> 
     </span>
     <span class='ocr_line' id='line_1_19' title="bbox 121 2515 1474 2653; baseline -0.001 -28"><span class='ocrx_word' id='word_1_133' title='bbox 121 2549 129 2568; x_wconf 84' lang='lat'><em>⁰</em></span> <span class='ocrx_word' id='word_1_134' title='bbox 153 2539 607 2630; x_wconf 70' lang='lat' dir='ltr'>Fratribus-Minoribus</span> <span class='ocrx_word' id='word_1_135' title='bbox 626 2541 835 2630; x_wconf 85' lang='lat' dir='ltr'>Dioecesrs</span> <span class='ocrx_word' id='word_1_136' title='bbox 856 2541 1097 2651; x_wconf 71' lang='lat' dir='ltr'>sagonensrs</span> <span class='ocrx_word' id='word_1_137' title='bbox 1119 2515 1331 2653; x_wconf 74' lang='lat' dir='ltr'>pionibuit</span> <span class='ocrx_word' id='word_1_138' title='bbox 1359 2540 1474 2623; x_wconf 89' lang='lat' dir='ltr'>Con·</span> 
     </span>
     <span class='ocr_line' id='line_1_20' title="bbox 18 2650 1475 2767; baseline 0.002 -32"><span class='ocrx_word' id='word_1_139' title='bbox 18 2677 19 2680; x_wconf 64' lang='lat'>‘</span> <span class='ocrx_word' id='word_1_140' title='bbox 152 2650 333 2738; x_wconf 77' lang='lat' dir='ltr'>renones</span> <span class='ocrx_word' id='word_1_141' title='bbox 359 2659 688 2745; x_wconf 72' lang='lat' dir='ltr'>sacramentales</span> <span class='ocrx_word' id='word_1_142' title='bbox 703 2657 875 2751; x_wconf 86' lang='lat' dir='ltr'>audire,</span> <span class='ocrx_word' id='word_1_143' title='bbox 906 2661 947 2742; x_wconf 73' lang='grc' dir='ltr'>δί</span> <span class='ocrx_word' id='word_1_144' title='bbox 980 2655 1151 2744; x_wconf 85' lang='lat' dir='ltr'>verbum</span> <span class='ocrx_word' id='word_1_145' title='bbox 1195 2658 1277 2745; x_wconf 85' lang='lat' dir='ltr'>Dei</span> <span class='ocrx_word' id='word_1_146' title='bbox 1312 2650 1475 2767; x_wconf 86' lang='lat' dir='ltr'>praedi·</span> 
     </span>
     <span class='ocr_line' id='line_1_21' title="bbox 146 2768 1474 2882; baseline 0.002 -30"><span class='ocrx_word' id='word_1_147' title='bbox 146 2792 268 2862; x_wconf 68' lang='lat' dir='ltr'>care,</span> <span class='ocrx_word' id='word_1_148' title='bbox 302 2768 452 2882; x_wconf 85' lang='lat' dir='ltr'>eosque</span> <span class='ocrx_word' id='word_1_149' title='bbox 476 2802 554 2858; x_wconf 88' lang='lat' dir='ltr'>una</span> <span class='ocrx_word' id='word_1_150' title='bbox 582 2800 673 2859; x_wconf 91' lang='lat' dir='ltr'>cum</span> <span class='ocrx_word' id='word_1_151' title='bbox 705 2770 876 2860; x_wconf 83' lang='lat' dir='ltr'>laudatis</span> <span class='ocrx_word' id='word_1_152' title='bbox 905 2769 1151 2858; x_wconf 73' lang='lat' dir='ltr'>Resioribus</span> <span class='ocrx_word' id='word_1_153' title='bbox 1189 2771 1474 2871; x_wconf 79' lang='lat' dir='ltr'>excommuni-</span> 
     </span>
     <span class='ocr_line' id='line_1_22' title="bbox 144 2882 1475 2999; baseline -0.002 -32"><span class='ocrx_word' id='word_1_154' title='bbox 144 2908 263 2967; x_wconf 91' lang='lat' dir='ltr'>caros</span> <span class='ocrx_word' id='word_1_155' title='bbox 287 2883 514 2972; x_wconf 75' lang='lat' dir='ltr'>declaravit</span> <span class='ocrx_word' id='word_1_156' title='bbox 542 2898 631 2994; x_wconf 80' lang='grc' dir='ltr'><strong>(ι).</strong></span> <span class='ocrx_word' id='word_1_157' title='bbox 647 2886 761 2988; x_wconf 86' lang='lat' dir='ltr'>Quid</span> <span class='ocrx_word' id='word_1_158' title='bbox 776 2890 916 2999; x_wconf 85' lang='lat' dir='ltr'>postea</span> <span class='ocrx_word' id='word_1_159' title='bbox 943 2882 1138 2972; x_wconf 87' lang='lat' dir='ltr'>acciderit</span> <span class='ocrx_word' id='word_1_160' title='bbox 1155 2910 1213 2970; x_wconf 75' lang='lat' dir='ltr'>ex</span> <span class='ocrx_word' id='word_1_161' title='bbox 1230 2908 1475 2970; x_wconf 87' lang='lat' dir='ltr'>monumen·</span> 
     </span>
    </p>
   </div>
   <div class='ocr_carea' id='block_1_4' title="bbox 144 2995 1610 3114">
    <p class='ocr_par' dir='ltr' id='par_1_4' title="bbox 144 2995 1610 3114">
     <span class='ocr_line' id='line_1_23' title="bbox 144 2995 1610 3114; baseline -0.003 -31"><span class='ocrx_word' id='word_1_162' title='bbox 144 3002 199 3083; x_wconf 84' lang='lat' dir='ltr'>ris</span> <span class='ocrx_word' id='word_1_163' title='bbox 228 2998 555 3114; x_wconf 81' lang='lat' dir='ltr'>Archiepiscopii</span> <span class='ocrx_word' id='word_1_164' title='bbox 588 2997 718 3086; x_wconf 87' lang='lat' dir='ltr'>Pisani</span> <span class='ocrx_word' id='word_1_165' title='bbox 750 3025 835 3082; x_wconf 91' lang='lat' dir='ltr'>non</span> <span class='ocrx_word' id='word_1_166' title='bbox 862 3022 1055 3112; x_wconf 84' lang='lat' dir='ltr'>apparet,</span> <span class='ocrx_word' id='word_1_167' title='bbox 1081 2996 1146 3082; x_wconf 88' lang='lat' dir='ltr'>sed</span> <span class='ocrx_word' id='word_1_168' title='bbox 1179 3025 1265 3081; x_wconf 91' lang='lat' dir='ltr'>non</span> <span class='ocrx_word' id='word_1_169' title='bbox 1288 2995 1471 3094; x_wconf 79' lang='lat' dir='ltr'>dubito,</span> <span class='ocrx_word' id='word_1_170' title='bbox 1607 3075 1610 3079; x_wconf 75' lang='grc'><strong><em>,</em></strong></span> 
     </span>
    </p>
   </div>
   <div class='ocr_carea' id='block_1_5' title="bbox 99 3109 1475 4482">
    <p class='ocr_par' dir='ltr' id='par_1_5' title="bbox 134 3109 1475 3314">
     <span class='ocr_line' id='line_1_24' title="bbox 140 3109 1475 3223; baseline -0.001 -27"><span class='ocrx_word' id='word_1_171' title='bbox 140 3114 249 3221; x_wconf 90' lang='lat' dir='ltr'>quin</span> <span class='ocrx_word' id='word_1_172' title='bbox 283 3115 477 3202; x_wconf 81' lang='lat' dir='ltr'>Pontifex</span> <span class='ocrx_word' id='word_1_173' title='bbox 506 3117 643 3201; x_wconf 84' lang='lat' dir='ltr'>noster</span> <span class='ocrx_word' id='word_1_174' title='bbox 672 3113 874 3201; x_wconf 80' lang='lat' dir='ltr'>Bernardi</span> <span class='ocrx_word' id='word_1_175' title='bbox 897 3111 1108 3206; x_wconf 86' lang='lat' dir='ltr'>audacirm</span> <span class='ocrx_word' id='word_1_176' title='bbox 1140 3109 1332 3223; x_wconf 84' lang='lat' dir='ltr'>frangere</span> <span class='ocrx_word' id='word_1_177' title='bbox 1359 3138 1475 3197; x_wconf 83' lang='lat' dir='ltr'>cura-</span> 
     </span>
     <span class='ocr_line' id='line_1_25' title="bbox 134 3251 275 3314; baseline 0 -1"><span class='ocrx_word' id='word_1_178' title='bbox 134 3251 275 3314; x_wconf 77' lang='lat' dir='ltr'>verit.</span> 
     </span>
    </p>

    <p class='ocr_par' dir='ltr' id='par_1_6' title="bbox 99 3335 1475 4455">
     <span class='ocr_line' id='line_1_26' title="bbox 255 3335 1472 3450; baseline -0.003 -24"><span class='ocrx_word' id='word_1_179' title='bbox 255 3338 449 3446; x_wconf 83' lang='lat' dir='ltr'>Pestifera</span> <span class='ocrx_word' id='word_1_180' title='bbox 478 3343 793 3433; x_wconf 88' lang='lat' dir='ltr'>Fraticeilorum</span> <span class='ocrx_word' id='word_1_181' title='bbox 827 3335 1022 3439; x_wconf 84' lang='lat' dir='ltr'>haerefis,</span> <span class='ocrx_word' id='word_1_182' title='bbox 1047 3366 1152 3450; x_wconf 87' lang='lat' dir='ltr'>quae</span> <span class='ocrx_word' id='word_1_183' title='bbox 1185 3339 1322 3426; x_wconf 85' lang='lat' dir='ltr'>secuso</span> <span class='ocrx_word' id='word_1_184' title='bbox 1353 3366 1472 3425; x_wconf 81' lang='lat' dir='ltr'>aerre</span> 
     </span>
     <span class='ocr_line' id='line_1_27' title="bbox 134 3452 1471 3571; baseline 0.002 -33"><span class='ocrx_word' id='word_1_185' title='bbox 134 3453 327 3562; x_wconf 74' lang='lat' dir='ltr'>vergine</span> <span class='ocrx_word' id='word_1_186' title='bbox 351 3457 670 3571; x_wconf 87' lang='lat' dir='ltr'>decimoquarto</span> <span class='ocrx_word' id='word_1_187' title='bbox 705 3461 860 3565; x_wconf 81' lang='lat' dir='ltr'>longe,</span> <span class='ocrx_word' id='word_1_188' title='bbox 903 3459 1063 3568; x_wconf 86' lang='lat' dir='ltr'>lateque</span> <span class='ocrx_word' id='word_1_189' title='bbox 1104 3453 1182 3540; x_wconf 85' lang='lat' dir='ltr'>sese</span> <span class='ocrx_word' id='word_1_190' title='bbox 1223 3452 1471 3549; x_wconf 76' lang='lat' dir='ltr'>diffuderat,</span> 
     </span>
     <span class='ocr_line' id='line_1_28' title="bbox 132 3559 1474 3684; baseline -0.001 -30"><span class='ocrx_word' id='word_1_191' title='bbox 132 3573 186 3654; x_wconf 91' lang='lat' dir='ltr'>in</span> <span class='ocrx_word' id='word_1_192' title='bbox 210 3567 390 3653; x_wconf 75' lang='lat' dir='ltr'>Ciuitate</span> <span class='ocrx_word' id='word_1_193' title='bbox 418 3598 613 3684; x_wconf 86' lang='lat' dir='ltr'>quoque,</span> <span class='ocrx_word' id='word_1_194' title='bbox 639 3568 852 3672; x_wconf 87' lang='lat' dir='ltr'>Dioecefi,</span> <span class='ocrx_word' id='word_1_195' title='bbox 878 3570 920 3654; x_wconf 71' lang='grc' dir='ltr'>δι</span> <span class='ocrx_word' id='word_1_196' title='bbox 955 3570 1174 3655; x_wconf 86' lang='lat' dir='ltr'>Provincia</span> <span class='ocrx_word' id='word_1_197' title='bbox 1215 3569 1355 3654; x_wconf 79' lang='lat' dir='ltr'>Pisana</span> <span class='ocrx_word' id='word_1_198' title='bbox 1394 3559 1474 3653; x_wconf 68' lang='lat' dir='ltr'>sei-</span> 
     </span>
     <span class='ocr_line' id='line_1_29' title="bbox 136 3681 1471 3795; baseline 0.004 -36"><span class='ocrx_word' id='word_1_199' title='bbox 136 3707 243 3794; x_wconf 83' lang='lat' dir='ltr'>pere</span> <span class='ocrx_word' id='word_1_200' title='bbox 273 3687 436 3795; x_wconf 86' lang='lat' dir='ltr'>coepit.</span> <span class='ocrx_word' id='word_1_201' title='bbox 454 3690 581 3789; x_wconf 87' lang='lat' dir='ltr'>Quod</span> <span class='ocrx_word' id='word_1_202' title='bbox 604 3686 675 3773; x_wconf 88' lang='lat' dir='ltr'>ubi</span> <span class='ocrx_word' id='word_1_203' title='bbox 701 3696 818 3773; x_wconf 89' lang='lat' dir='ltr'>novit</span> <span class='ocrx_word' id='word_1_204' title='bbox 850 3688 1114 3770; x_wconf 83' lang='lat' dir='ltr'>Innocentius</span> <span class='ocrx_word' id='word_1_205' title='bbox 1145 3681 1262 3791; x_wconf 78' lang='lat' dir='ltr'>hujus</span> <span class='ocrx_word' id='word_1_206' title='bbox 1290 3686 1471 3767; x_wconf 90' lang='lat' dir='ltr'>nominis</span> 
     </span>
     <span class='ocr_line' id='line_1_30' title="bbox 137 3795 1470 3912; baseline -0.002 -31"><span class='ocrx_word' id='word_1_207' title='bbox 137 3795 225 3881; x_wconf 72' lang='lat' dir='ltr'>VI·</span> <span class='ocrx_word' id='word_1_208' title='bbox 250 3801 458 3912; x_wconf 86' lang='lat' dir='ltr'>praecepit</span> <span class='ocrx_word' id='word_1_209' title='bbox 482 3806 658 3912; x_wconf 74' lang='lat' dir='ltr'>Joanni,</span> <span class='ocrx_word' id='word_1_210' title='bbox 677 3826 721 3887; x_wconf 91' lang='lat' dir='ltr'>ut</span> <span class='ocrx_word' id='word_1_211' title='bbox 746 3808 788 3888; x_wconf 91' lang='lat' dir='ltr'>in</span> <span class='ocrx_word' id='word_1_212' title='bbox 819 3800 986 3886; x_wconf 87' lang='lat' dir='ltr'>eosdem</span> <span class='ocrx_word' id='word_1_213' title='bbox 1012 3800 1270 3894; x_wconf 83' lang='lat' dir='ltr'>haereticos,</span> <span class='ocrx_word' id='word_1_214' title='bbox 1290 3821 1470 3905; x_wconf 90' lang='lat' dir='ltr'>quorum</span> 
     </span>
     <span class='ocr_line' id='line_1_31' title="bbox 138 3909 1471 4023; baseline 0 -28"><span class='ocrx_word' id='word_1_215' title='bbox 138 3911 373 3996; x_wconf 81' lang='lat' dir='ltr'>nonnullos</span> <span class='ocrx_word' id='word_1_216' title='bbox 398 3916 555 3998; x_wconf 78' lang='lat' dir='ltr'>vincior</span> <span class='ocrx_word' id='word_1_217' title='bbox 571 3921 611 4000; x_wconf 91' lang='lat' dir='ltr'>in</span> <span class='ocrx_word' id='word_1_218' title='bbox 638 3916 867 4002; x_wconf 88' lang='lat' dir='ltr'>carceribus</span> <span class='ocrx_word' id='word_1_219' title='bbox 883 3919 964 4023; x_wconf 84' lang='lat' dir='ltr'>jam</span> <span class='ocrx_word' id='word_1_220' title='bbox 993 3912 1188 4012; x_wconf 85' lang='lat' dir='ltr'>tenebat,</span> <span class='ocrx_word' id='word_1_221' title='bbox 1215 3909 1471 4021; x_wconf 81' lang='lat' dir='ltr'>animadver-</span> 
     </span>
     <span class='ocr_line' id='line_1_32' title="bbox 138 4026 1475 4140; baseline -0.002 -29"><span class='ocrx_word' id='word_1_222' title='bbox 138 4047 282 4114; x_wconf 68' lang='lat' dir='ltr'>rercts</span> <span class='ocrx_word' id='word_1_223' title='bbox 309 4028 536 4138; x_wconf 86' lang='lat' dir='ltr'>implorato</span> <span class='ocrx_word' id='word_1_224' title='bbox 556 4033 708 4121; x_wconf 88' lang='lat' dir='ltr'>etiam,</span> <span class='ocrx_word' id='word_1_225' title='bbox 744 4028 769 4114; x_wconf 87' lang='lat' dir='ltr'>sr</span> <span class='ocrx_word' id='word_1_226' title='bbox 800 4058 902 4140; x_wconf 87' lang='lat' dir='ltr'>opus</span> <span class='ocrx_word' id='word_1_227' title='bbox 926 4026 1021 4115; x_wconf 87' lang='lat' dir='ltr'>esset</span> <span class='ocrx_word' id='word_1_228' title='bbox 1045 4029 1097 4112; x_wconf 86' lang='lat' dir='ltr'>ad</span> <span class='ocrx_word' id='word_1_229' title='bbox 1126 4028 1228 4112; x_wconf 84' lang='lat' dir='ltr'>iilos</span> <span class='ocrx_word' id='word_1_230' title='bbox 1266 4027 1475 4135; x_wconf 82' lang='lat' dir='ltr'>extirpan-</span> 
     </span>
     <span class='ocr_line' id='line_1_33' title="bbox 99 4136 1469 4237; baseline 0 -13"><span class='ocrx_word' id='word_1_231' title='bbox 99 4159 119 4174; x_wconf 73' lang='lat'>&#39;·</span> <span class='ocrx_word' id='word_1_232' title='bbox 139 4136 224 4225; x_wconf 90' lang='lat' dir='ltr'>dos</span> <span class='ocrx_word' id='word_1_233' title='bbox 241 4191 254 4233; x_wconf 85' lang='lat'>,</span> <span class='ocrx_word' id='word_1_234' title='bbox 271 4138 309 4224; x_wconf 75' lang='lat' dir='ltr'>dr</span> <span class='ocrx_word' id='word_1_235' title='bbox 328 4147 506 4227; x_wconf 91' lang='lat' dir='ltr'>omnino</span> <span class='ocrx_word' id='word_1_236' title='bbox 532 4143 758 4237; x_wconf 80' lang='lat' dir='ltr'>tollendos,</span> <span class='ocrx_word' id='word_1_237' title='bbox 774 4171 795 4227; x_wconf 93' lang='lat' dir='ltr'>a</span> <span class='ocrx_word' id='word_1_238' title='bbox 812 4148 1000 4231; x_wconf 82' lang='lat' dir='ltr'>Civitatis</span> <span class='ocrx_word' id='word_1_239' title='bbox 1016 4139 1261 4228; x_wconf 84' lang='lat' dir='ltr'>Proceribur</span> <span class='ocrx_word' id='word_1_240' title='bbox 1284 4141 1442 4224; x_wconf 74' lang='lat' dir='ltr'>auxilio</span> <span class='ocrx_word' id='word_1_241' title='bbox 1458 4163 1469 4224; x_wconf 74' lang='lat' dir='ltr'>t</span> 
     </span>
     <span class='ocr_line' id='line_1_34' title="bbox 123 4253 1474 4455; baseline -0.004 -113"><span class='ocrx_word' id='word_1_242' title='bbox 123 4256 199 4366; x_wconf 28' lang='lat' dir='ltr'>,ita</span> <span class='ocrx_word' id='word_1_243' title='bbox 226 4278 363 4340; x_wconf 79' lang='lat' dir='ltr'>tamen</span> <span class='ocrx_word' id='word_1_244' title='bbox 391 4281 435 4343; x_wconf 90' lang='lat' dir='ltr'>ut</span> <span class='ocrx_word' id='word_1_245' title='bbox 462 4257 672 4372; x_wconf 85' lang='lat' dir='ltr'>Episcopis</span> <span class='ocrx_word' id='word_1_246' title='bbox 689 4263 785 4343; x_wconf 85' lang='lat' dir='ltr'>item</span> <span class='ocrx_word' id='word_1_247' title='bbox 810 4257 1107 4370; x_wconf 78' lang='lat' dir='ltr'>suffraganeis,</span> <span class='ocrx_word' id='word_1_248' title='bbox 1135 4256 1376 4455; x_wconf 60' lang='lat' dir='ltr'>&amp;negoltiis</span> <span class='ocrx_word' id='word_1_249' title='bbox 1393 4253 1474 4338; x_wconf 82' lang='lat' dir='ltr'>Re-</span> 
     </span>
    </p>

    <p class='ocr_par' dir='ltr' id='par_1_7' title="bbox 710 4369 1418 4482">
     <span class='ocr_line' id='line_1_35' title="bbox 710 4369 1418 4482; baseline -0.003 -24"><span class='ocrx_word' id='word_1_250' title='bbox 710 4377 758 4459; x_wconf 89' lang='lat' dir='ltr'>M</span> <span class='ocrx_word' id='word_1_251' title='bbox 795 4399 815 4453; x_wconf 85' lang='lat'>2</span> <span class='ocrx_word' id='word_1_252' title='bbox 1059 4377 1062 4382; x_wconf 86' lang='grc'><strong>’</strong></span> <span class='ocrx_word' id='word_1_253' title='bbox 1217 4369 1221 4390; x_wconf 85' lang='lat'>&#39;</span> <span class='ocrx_word' id='word_1_254' title='bbox 1316 4370 1418 4482; x_wconf 81' lang='lat' dir='ltr'>igio-</span> 
     </span>
    </p>
   </div>
   <div class='ocr_carea' id='block_1_6' title="bbox 142 4528 1010 4619">
    <p class='ocr_par' dir='ltr' id='par_1_8' title="bbox 142 4528 1010 4619">
     <span class='ocr_line' id='line_1_36' title="bbox 142 4528 1010 4619; baseline -0.006 -19"><span class='ocrx_word' id='word_1_255' title='bbox 142 4528 196 4612; x_wconf 73' lang='grc' dir='ltr'>(ι)</span> <span class='ocrx_word' id='word_1_256' title='bbox 220 4528 304 4598; x_wconf 85' lang='lat' dir='ltr'>Vide</span> <span class='ocrx_word' id='word_1_257' title='bbox 327 4529 444 4600; x_wconf 74' lang='lat' dir='ltr'>tabulas</span> <span class='ocrx_word' id='word_1_258' title='bbox 464 4539 498 4600; x_wconf 79' lang='lat' dir='ltr'>in</span> <span class='ocrx_word' id='word_1_259' title='bbox 525 4537 677 4619; x_wconf 70' lang='lat' dir='ltr'>appendice</span> <span class='ocrx_word' id='word_1_260' title='bbox 694 4547 937 4601; x_wconf 73' lang='lat' dir='ltr'>monumentorum</span> <span class='ocrx_word' id='word_1_261' title='bbox 945 4563 957 4595; x_wconf 83' lang='lat'>.·</span> <span class='ocrx_word' id='word_1_262' title='bbox 1006 4563 1010 4570; x_wconf 91' lang='lat'>·</span> 
     </span>
    </p>
   </div>
   <div class='ocr_carea' id='block_1_7' title="bbox 0 0 2139 5876">
    <p class='ocr_par' dir='ltr' id='par_1_9' title="bbox 0 0 2139 5876">
     <span class='ocr_line' id='line_1_37' title="bbox 0 0 2139 5876; baseline 0 0"><span class='ocrx_word' id='word_1_263' title='bbox 0 0 2139 5876; x_wconf 95' lang='lat' dir='ltr'> </span> 
     </span>
    </p>
   </div>
  </div>
 </body>
</html>
