4267 5884
343 662 349 667 -
500 597 989 685 HISTORIA.
1133 628 1139 635 ·
1301 627 1367 709 3}

83 711 194 801 sanae
234 728 392 824 excepta
420 708 569 796 domino
610 708 768 822 Mense,
806 717 877 823 qni
912 705 1102 820 Lugduni
1131 704 1280 818 derefflt
1316 715 1409 816 (a).

195 830 430 922 Monaeses,
473 851 573 939 quae
605 853 713 911 nunc
749 821 1001 916 asceterium
1035 827 1218 911 Pisanum
1245 829 1422 912 Sandiac'

81 942 224 1026 Annae
257 935 471 1036 habitant,
497 944 601 1026 olim
643 935 861 1025 manebant
892 945 935 1024 in
982 942 1239 1029 monasterio
1277 940 1412 1027 sancei

84 1056 191 1143 Pauli
225 1049 270 1135 de
301 1055 486 1165 sagnam
511 1053 617 1140 Prsaa
651 1058 785 1153 inter,
815 1053 856 1137 dc
887 1055 1066 1140 Lucam.
1102 1057 1180 1140 Sed
1209 1056 1410 1168 quoniam

82 1191 244 1282 propter
284 1166 392 1253 belia
434 1174 732 1257 Mouailerium
764 1172 842 1256 hoc
873 1171 1110 1279 relinquere
1147 1168 1260 1286 saepe
1289 1189 1413 1278 coge·

81 1286 252 1378 bantur,
280 1308 350 1365 nea
380 1283 517 1371 locum
533 1281 736 1370 habebant
762 1287 804 1369 in
836 1283 980 1379 Urbe,
1006 1310 1081 1367 uec
1104 1312 1235 1398 prope
1261 1284 1410 1397 ipsam,

83 1394 133 1485 ad
163 1421 285 1504 quem
315 1424 494 1497 ‚vexatae
539 1395 767 1509 confugere
812 1398 995 1511 pollent,
1034 1401 1265 1484 Fridericua
1302 1420 1417 1480 annu

90 1539 205 1619 ¹275·
237 1509 305 1593 die
344 1542 407 1618 ¹4·
442 1517 554 1628 Junii
596 1520 655 1597 eia
692 1513 884 1599 concessit
922 1514 1216 1601 nonasterium
1247 1513 1417 1623 §audac

92 1628 240 1711 Annae
273 1621 318 1707 ale
345 1631 544 1725 lienteria,
579 1629 692 1741 quod
724 1631 766 1711 in
798 1626 996 1721 suburbiis
1024 1630 1172 1752 Pisanis
1200 1626 1255 1713 ad
1294 1626 1417 1710 meri·

87 1741 191 1826 diem
238 1762 352 1837 erat,
394 1741 694 1831 assentientibus
729 1746 889 1855 Joanoc
929 1744 1202 1850 Marigoano,
1240 1740 1420 1852 Leopol·

90 1853 173 1951 do,
207 1853 247 1937 ὃ(
279 1855 475 1969 Philippo
506 1856 552 1942 dr
581 1854 763 1945 Centone
791 1852 969 1961 ejusdem
1001 1858 1243 1949 Monallecii
1282 1878 1422 1966 patro·

91 1972 177 2070 nia;
208 1992 302 2051 cum
332 1968 407 2055 hac
437 1972 708 2065 conditione,
740 1996 785 2059 ut
812 1968 951 2056 saltem
980 1966 1046 2065 sex,
1078 1970 1286 2054 Moniaies
1320 1992 1421 2076 qua·

91 2108 207 2178 tuor,
237 2081 303 2166 vel
327 2082 393 2169 sex
424 2083 623 2172 mensibus
645 2084 916 2196 cujuscunque
945 2089 1042 2191 anni
1070 2084 1273 2176 insaniei
1303 2080 1420 2172 Pauli

97 2198 305 2283 Alceterio
334 2224 690 2285 commorarentur
720 2208 814 2306 (2).

204 2308 316 2393 Cum
345 2311 546 2401 Ecclesiae
573 2318 833 2403 Calaritauae
872 2315 1103 2413 Canonici,
1144 2313 1233 2431 post
1260 2311 1423 2401 obitum

112 2422 294 2533 Hugooia
326 2428 634 2542 Arcbiepiscopi
665 2456 778 2513 anuo
816 2442 934 2536 ¹27⁶·
967 2433 1009 2514 in
1045 2427 1241 2539 eligendo
1275 2423 1425 2513 succes·

109 2546 193 2622 lore
224 2536 389 2626 mirifice
419 2546 523 2630 inter
553 2543 590 2630 sc
615 2542 823 2630 discordes
853 2542 1006 2639 essent,
1033 2546 1263 2630 Fridericus
1290 2547 1428 2627 aueto-

105 2654 213 2738 ritate
247 2651 311 2738 sua
344 2683 423 2741 eoa·
454 2657 506 2745 ad
535 2658 808 2746 concordiam
838 2661 1075 2756 reuocauit,
1108 2658 1326 2766 effecitque
1360 2648 1427 2743 lua

102 2763 337 2874 prudentia,
367 2800 415 2857 ac
447 2771 714 2868 dexteritate,
749 2796 792 2858 ut
827 2773 971 2858 Gallus
999 2776 1147 2867 Civis,
1178 2772 1218 2855 dc
1245 2770 1430 2856 Canoni-

98 2904 162 2962 cur
203 2882 371 2992 Pisanus
407 2891 592 2973 unanimi
619 2881 885 2973 consenfione
913 2891 956 2972 in
992 2888 1278 2973 Calaritanum
1311 2886 1431 2967 Prae-

101 2995 228 3079 lulem
259 2995 484 3109 eligeretur
509 3010 604 3112 (3).
633 3003 665 3086 F.
694 3003 774 3086 vita
805 2996 991 3109 migrasse
1030 3025 1143 3086 anno
1179 3002 1298 3105 ¹²7⁸·
1336 3019 1432 3079 cen·

94 3103 187 3196 scut'
207 3111 461 3221 ughellius,
487 3118 736 3208 Mercurius,
769 3112 811 3198 dt
840 3108 1103 3212 orlendius,⁴
1120 3109 1268 3227 quibus
1303 3108 1435 3223 praei·

91 3223 147 3312 vit
173 3227 322 3311 Guido
344 3228 526 3341 superius
561 3250 838 3323 memoratus,
864 3231 933 3340 qui
958 3233 1025 3337 (4)
1048 3225 1102 3313 ad
1129 3251 1221 3312 eum
1247 3251 1434 3309 annone·

95 3336 203 3424 illius
235 3337 401 3427 obitum
432 3342 588 3429 refert.
616 3340 697 3432 Sed
725 3340 793 3426 hic
822 3369 953 3455 annos
980 3341 1170 3472 suppurat
1196 3335 1436 3475 Pisandrum

94 3453 1441 3680 liin‘ll‘ltillllllllziil'llinlll‘llllli‘iit

95 3677 397 3767 nimadverrit.
438 3686 568 3794 lgitur
610 3713 701 3773 cum
738 3685 881 3770 Guido
914 3684 1115 3770 Friderici
1143 3677 1345 3767 decessum
1380 3675 1445 3761 in·
1571 3776 1573 3780 ,

94 3819 155 3882 ter
185 3821 239 3879 ea
267 3818 430 3893 narret,
459 3823 564 3906 quae
590 3802 679 3910 post
697 3800 872 3887 mensem
893 3801 1051 3910 Maium
1078 3819 1329 3893 evenerunt,
1358 3816 1444 3877 ma·

96 3904 294 3995 oisellum
322 3907 381 3994 est
408 3911 496 4016 ejus
528 3934 704 3997 mortem
738 3918 850 4020 juata
879 3915 1086 4001 Guidonis
1110 3910 1372 3997 ‘sementiam
1396 3905 1452 4011 iu,

99 4048 220 4109 anuo
250 4030 461 4109 communi
494 4054 618 4136 ¹277·
650 4025 940 4114 collocandam
966 4023 1068 4113 esse.
1095 4027 1224 4130 Quod
1253 4022 1304 4107 ad
1332 4020 1446 4105 diem

33 4194 35 4203 »
104 4140 264 4336 attinere
289 4142 563 4228 emortualem
592 4139 698 4225 nihil
728 4138 903 4229 definire
927 4140 1080 4242 rufina,
1112 4136 1182 4231 ersa
1207 4137 1305 4224 mihi
1334 4157 1447 4220 com·

260 4280 332 4340 om.
361 4256 414 4339 Is.
614 4310 618 4318 -
709 4352 713 4363 ³
811 4254 848 4336 E
1300 4272 1393 4365 pera

101 4418 152 4498 (ι)
172 4417 271 4484 Idem
292 4418 395 4485 Guido
416 4420 545 4485 ibidem.

97 4506 131 4579 (a
166 4498 325 4575 Tabulae·
339 4502 373 4564 r'n
399 4503 556 4582 Appendice
577 4503 845 4564 monumentorum.

101 4584 154 4661 (ς)
174 4578 337 4647 Videatur
362 4579 527 4668 Ughcllius
545 4586 579 4651 in
602 4581 754 4647 friderico.

99 4667 150 4747 (⁴)
171 4663 238 4727 σοι·
259 4664 334 4734 6860
