4267 5884
644 482 741 562 na·
872 393 1674 556 nccararan'atrantaa

596 588 923 682 Panormitano,
951 584 1001 669 δι·
1023 581 1150 667 facins
1186 581 1241 664 est
1280 580 1474 668 Pontifex
1506 577 1709 666 Ecclesiae
1749 574 1926 665 Antiba-

595 703 720 796 tenlis
745 706 790 789 in
835 698 1045 794 Albania,
1085 726 1109 782 a
1152 721 1230 805 qua
1259 697 1346 807 post
1391 720 1474 782 tter
1509 689 1643 781 annos'
1681 690 1837 779 transiit
1873 691 1929 777 ad

598 811 1030 913 Thelialonicensem,
1062 807 1213 898 deinde
1241 835 1355 896 anno
1386 839 1503 922 1399.
1526 812 1647 898 nonis
1674 803 1929 925 Septembris

601 936 655 1030 aa
682 925 1026 1042 Bergomeniem.

714 1054 780 1135 Ne
808 1048 976 1156 integro
1000 1035 1171 1154 quidem
1196 1063 1308 1124 anno
1333 1032 1506 1122 eandem
1533 1036 1754 1124 Ecclefiam
1784 1035 1933 1146 guber.

606 1165 721 1251 navit
739 1192 752 1264 3
777 1185 871 1245 nam
899 1155 1095 1243 delendo
1114 1158 1276 1268 Joanne
1296 1149 1558 1248 Gabriellio,
1579 1154 1844 1239 aCanonicis
1870 1153 1936 1237 Pi·

606 1280 710 1370 sanis
741 1300 856 1363 anno
880 1270 1094 1360 communi
1125 1298 1245 1375 ¹400·
1269 1264 1340 1350 die
1373 1273 1437 1351 18.
1460 1269 1585 1380 Jubi,
1606 1267 1770 1352 'cunclia
1796 1266 1938 1354 suffra.

568 1433 572 1438 >
611 1398 689 1507 giis
718 1397 782 1497 (ι)
810 1391 1062 1475 renuntiatus
1087 1384 1143 1469 est
1172 1383 1289 1492 buius
1315 1381 1513 1468 Ecclesiae
1542 1378 1768 1467 Pontifex.
1796 1379 1940 1468 acedia

613 1509 774 1598 naudus
800 1503 1044 1619 ughellius,
1075 1499 1187 1611 cnjus
1211 1497 1391 1608 vestigiis
1422 1494 1561 1585 inistit
1601 1496 1766 1585 Paullus
1803 1500 1942 1629 ‘Iston-
1982 1619 1988 1625 θ

1716 1693 1719 1697 ,
1797 1633 1886 1696 ctus

611 1821 667 1904 (1)
687 1865 711 1900 ,‚
732 1825 769 1884 ln
792 1811 917 1882 nomine
936 1809 1066 1882 Domini
1087 1828 1176 1876 amen
1193 1853 1200 1873 .
1219 1806 1428 1886 sanetinmo,
1450 1825 1485 1870 ae
1505 1802 1675 1870 Beatiffimo
1696 1805 1727 1870 in
1749 1803 1872 1872 Christo
1893 1823 1947 1886 pa·

698 1948 723 1979 „
744 1898 804 1976 tri,
829 1900 860 1960 dt
885 1893 1011 1958 domino
1031 1890 1133 1955 nostro
1151 1889 1277 1952 domino
1297 1886 1455 1953 Bonifatio
1481 1886 1598 1951 Divina¹
1622 1885 1816 1969 providentia
1841 1890 1950 1951 Sacro·

700 2025 724 2064 ‚,
748 1975 867 2042 sterilae
889 1980 1066 2049 Romanae,
1083 1990 1117 2034 ac
1142 1967 1321 2033 universalis
1343 1968 1492 2033 Ecclesiae
1511 1971 1637 2049 Summo
1663 1966 1823 2047 Pontifici,
1849 1965 1951 2029 almo·

703 2108 727 2139 ‚,
772 2080 809 2122 ue
838 2054 916 2139 patri
937 2053 1108 2135 dignilfimo
1129 2049 1260 2113 michael
1281 2045 1324 2114 dex
1341 2048 1438 2127 Vico,
1456 2049 1563 2110 Simon
1589 2047 1761 2130 lettaniae,
1782 2055 1955 2116 Baneceur‘

704 2189 728 2220 „
744 2081 795 2205 ius
820 2138 859 2200 de
886 2132 1007 2210 Barba,
1031 2131 1175 2196 Nicolaua
1196 2130 1234 2194 de
1261 2129 1403 2207 llilione,
1428 2127 1572 2193 Nicolans
1595 2129 1633 2191 de
1652 2127 1770 2208 Gallis,
1794 2126 1953 2194 Antonius

703 2269 728 2300 ‚,
750 2214 931 2293 zimbatdi,
955 2219 1089 2296 loannes
1105 2212 1144 2275 de
1167 2211 1263 2283 Viro,
1280 2212 1311 2272 dt
1327 2209 1505 2274 Laurentius
1528 2207 1706 2273 Rolielmini
1728 2209 1902 2285 canonici,
1918 2210 1951 2270 8:

704 2348 729 2381 „
750 2295 927 2380 capitulum
951 2290 1100 2357 Ecclestae
1124 2288 1247 2355 Pisaeae
1266 2287 1308 2354 sai
1338 2288 1468 2354 humiles
1489 2287 1564 2365 filii,
1589 2291 1747 2357 &devoti
1771 2287 1949 2354 cumomni

706 2428 731 2460 „
751 2375 927 2445 reverentia
943 2373 1131 2437 devotiffima
1154 2372 1262 2452 pedum
1284 2368 1383 2433 oscula
1402 2370 1559 2434 beatorum
1577 2373 1636 2434 &c
1656 2377 1734 2436 Cum
1755 2385 1877 2453 propter
1896 2384 1952 2428 va·

706 2508 733 2540 „
753 2457 908 2525 cntionem
929 2453 1106 2521 diuturnam
1128 2448 1276 2525 Ecclefiae
1296 2450 1447 2532 pallorum
1473 2450 1585 2514 solatiis
1609 2448 1772 2516 destitutae
1793 2450 1899 2533 gratia
1922 2445 1956 2508 in

709 2587 735 2621 „
748 2533 986 2622 spiritualibus,
1009 2535 1039 2595 br
1054 2530 1279 2625 temporalibus
1306 2529 1463 2611 dispendia
1491 2532 1669 2612 patiantur,
1698 2533 1873 2597 conditores
1897 2532 1962 2591 Ca·

712 2668 735 2700 „
759 2635 873 2688 nonum
899 2612 1125 2684 deliberatione
1147 2689 1148 2692 Ἴ
1171 2611 1277 2674 rovtda
1300 2611 1523 2676 consueverunt
1547 2611 1700 2692 statuere,
1724 2629 1759 2677 ιιι
1786 2610 1868 2675 ultra
1897 2620 1964 2675 tres

712 2747 738 2781 „
756 2695 879 2765 menses
898 2713 1008 2790 cacare
1030 2711 1090 2757 non
1110 2630 1245 2782 debeant
1266 2689 1416 2755 Ecclesiae
1439 2690 1662 2758 cathedrales.
1689 2690 1841 2759 Defuniio
1862 2686 1965 2771 igitur

713 2827 739 2860 „
759 2774 1029 2862 praesenta-anno,
1051 2778 1084 2836 dt
1104 2773 1156 2837 dre
1178 2789 1225 2845 ις.
1248 2773 1357 2838 meniis
1374 2771 1458 2853 lunii
1481 2772 1621 2852 proxime
1646 2771 1805 2857 praeteriti
1825 2769 1970 2848 recplen·

716 2907 741 2941 „
758 2861 820 2923 dae
837 2854 1010 2920 memoriae
1027 2858 1147 2933 Joanne
1159 2851 1312 2937 quondam
1336 2850 1570 2948 archiepiscopo
1589 2852 1717 2932 Pisano,
1740 2855 1772 2918 dc
1785 2848 1878 2935 ipius
1898 2865 1970 2912 cot·

718 2988 743 3022 „
763 2957 837 3023 pote
856 2955 925 3001 cum
951 2934 1128 3022 reverentia
1154 2931 1269 2999 tendito
1290 2931 1515 2998 ecclesiasticae
1538 2933 1738 3017 sepulturae,
1761 2953 1800 3000 ne
1822 2928 1884 3015 ipsa
1910 2933 1972 2991 Ee·

718 3068 746 3103 „
764 3016 854 3090 cleiia
874 3015 1035 3078 viduitatis
1055 3014 1127 3077 suae
1147 3012 1340 3077 incommoda
1359 3013 1476 3077 diutim
1495 3015 1693 3111 deploraret,
1716 3015 1774 3081 luit
1792 3033 1809 3078 a
1826 3007 1975 3096 praeien-

719 3147 744 3184 „
762 3099 846 3165 tibus
866 3095 1031 3161 canonicis
1052 3094 1200 3158 hodierna
1218 3092 1283 3155 dien
1301 3095 1609 3160 cumcontinuanone
1623 3095 1813 3181 sequentium
1831 3107 1976 3157 commo·

725 3229 749 3262 „
769 3180 851 3244 diter
871 3177 1035 3256 affignatn.
1061 3175 1174 3237 citatis
1195 3190 1297 3235 autem
1318 3171 1512 3254 absentibus,
1532 3180 1562 3240 δι
1585 3175 1840 3241 convenientibus
1861 3172 1892 3236 in
1913 3187 1979 3234 ter·

724 3308 750 3343 „
772 3259 857 3324 mino
879 3253 1082 3336 suprascripto
1107 3255 1144 3316 ad
1170 3252 1346 3333 Capitulum
1378 3254 1518 3321 Pisanum
1542 3256 1685 3320 omnibus
1706 3252 1892 3329 canonicis,
1921 3246 1975 3333 qui

727 3386 754 3425 „
772 3337 966 3428 debuerunt,
984 3335 1173 3423 voluerant,
1190 3337 1221 3396 br
1257 3350 1400 3399 otuerunt
1423 3338 1583 3401 commode
1602 3338 1761 3413 intetelie,
1784 3335 1884 3399 ilalim
1906 3331 1973 3393 nul·

730 3466 755 3503 ,‚
775 3419 808 3482 lo
831 3416 893 3509 alto
916 3415 1147 3507 interveniente
1164 3428 1222 3477 ¹tta
1273 3428 1328 3492 tu,
1356 3414 1481 3498 sabito,
1505 3422 1535 3481 ἃ
1561 3435 1691 3500 repente
1715 3418 1844 3501 Spiritus
1874 3406 1978 3475 Santli

730 3547 756 3583 „
776 3511 904 3588 grana,⁸
920 3512 953 3559 ιιι
973 3490 1106 3558 firmiter
1129 3494 1302 3571 credimus,
1323 3494 1461 3579 inspirati
1480 3517 1589 3564 omnes
1614 3498 1702 3564 nullo
1723 3496 1845 3582 penitus
1865 3491 1981 3555 disere·

730 3627 756 3666 „
777 3591 872 3662 pante
896 3593 927 3638 m
950 3575 1170 3639 Reverendem
1194 3574 1228 3639 in
1251 3573 1376 3641 cbristo
1425 3591 1544 3659 atrem,
1569 3582 1600 3644 δι
1631 3578 1791 3644 dominum
1819 3574 1984 3640 dominum

731 3708 755 3745 „
778 3656 965 3750 ludovicum
988 3657 1070 3734 Dei,
1088 3659 1119 3720 dt
1139 3654 1335 3745 Apostollcae
1358 3597 1445 3723 Sedis
1465 3660 1565 3742 gratia
1590 3660 1768 3743 Episcopum
1794 3663 1987 3738 Pergamen-

730 3790 757 3824 ‚,
776 3737 839 3803 lem
859 3736 1030 3832 dtrextmus
1052 3753 1152 3832 vota,
1171 3739 1211 3832 ,δι
1233 3756 1323 3832 pora,
1349 3737 1449 3804 vitum
1479 3741 1585 3825 utique
1608 3741 1796 3823 providum,
1819 3740 1851 3802 δι
1872 3733 1989 3801 discre-

732 3869 758 3903 ,‚
777 3834 866 3913 tum,
888 3815 1218 3911 literarumsctentta,
1238 3831 1321 3896 vata,
1344 3820 1375 3881 δι
1398 3820 1536 3885 motibus
1550 3821 1663 3887 metito
1682 3818 1989 3889 commendandum,

731 3948 757 3984 ‚,
779 3919 810 3992 tn
833 3904 934 3962 Sacrae
952 3897 1145 3991 Qrdmutbna,
1168 3902 1200 3964 δι
1221 3911 1325 3966 aetate
1344 3898 1502 3982 legittima
1521 3901 1738 3981 constitutum,
1761 3921 1796 3967 ac
1827 3901 1866 3965 de
1896 3895 1998 3977 legit·

734 4028 760 4064 „
780 3995 856 4071 tamo
877 3985 1085 4073 Matrimonto·
1101 3995 1312 4061 procreatum,
1334 3996 1390 4044 nec
1411 4000 1472 4048 non
1498 3983 1529 4048 in
1560 3981 1786 4064 spiritualibus,
1811 3985 1844 4045 dt
1864 3994 1997 4061 tempo·

735 4109 759 4144 „
781 4057 924 4153 rabbus,
948 4073 982 4122 ut
1004 4060 1173 4140 plurimum
1201 4058 1335 4125 citrums
1351 4058 1472 4143 eilum3
1499 4066 1531 4127 dr
1556 4084 1624 4128 cum
1654 4082 1715 4128 una
1739 4083 1840 4142 voce,
1870 4080 1906 4125 ac
1927 4077 2000 4123 uno

735 4188 760 4226 „
781 4137 888 4221 spiritu
914 4157 947 4202 ιιι
978 4137 1136 4218 nostrum,
1158 4144 1193 4204 dr
1224 4141 1311 4206 Eccle
1337 4160 1373 4205 ae
1404 4141 1529 4207 risanae
1557 4143 1743 4228 postulamus
1777 4139 2002 4225 archiepisco·

667 4299 676 4322 Ι
737 4270 762 4304 ‚,
782 4238 878 4302 pum,
907 4223 938 4287 lit
965 4218 1138 4313 l'aliorem.
1168 4227 1211 4287 Ea
1235 4238 1358 4303 propter
1387 4221 1547 4290 Sanditati
1578 4224 1721 4304 velitne,
1757 4239 1823 4290 tam
1850 4227 2002 4299 devote,

739 4348 763 4384 „
783 4318 875 4382 quam
886 4297 1048 4388 butntlttet
1058 4317 1144 4391 ,voto
1157 4303 1297 4367 unanimi
1310 4302 1535 4385 suppleamur,
1554 4321 1706 4393 qnatenus
1719 4307 1904 4374 eledionem
1922 4321 2003 4367 ean-

741 4385 856 4461 „dem
876 4376 915 4444 iic
935 4377 1140 4478 solemmter,
1162 4381 1202 4449 lic
1223 4389 1368 4477 canonice
1391 4384 1578 4451 celebratam
1600 4388 1774 4471 dignemini
1794 4385 2005 4458 confirmare,

740 4473 820 4546 „nt
837 4464 907 4527 Deo
927 4458 1050 4532 auclore
1068 4463 1178 4545 nobas,
1195 4468 1227 4534 dr
1248 4465 1306 4535 toti
1324 4462 1454 4537 Paianae
1475 4466 1617 4537 Dioeceli
1640 4470 1729 4539 velut
1748 4467 1853 4539 Pallor
1872 4466 2006 4531 idonens

1783 4595 1808 4633 ‚,
1828 4543 1967 4633 praecise
