4267 5884
429 424 434 435 '
595 407 1079 497 HISTORIA.
1370 427 1501 497 rot·

181 577 212 620 „
244 525 368 614 riscus
394 527 501 621 Dei,
534 525 575 609 lt
603 527 866 637 Apostolttae
910 523 1024 605 Sedis
1064 520 1196 632 gratia
1235 518 1400 610 Pisanus
1428 528 1509 612 Ar·

180 691 211 733 „
242 640 520 753 chlepileopus
542 639 755 726 Sardiniae
783 640 965 731 Primae,
1000 640 1041 723 δι
1071 635 1251 744 eiusdem
1280 639 1394 723 Sedis
1436 645 1508 729 itu

179 803 211 848 ,‚
245 784 292 838 ea
306 760 478 865 Legatos
506 751 796 840 conservator,
825 779 872 834 ac
897 751 1106 858 delegatus
1136 779 1157 833 a
1193 753 1296 833 Sede
1328 754 1509 866 Apollo·

180 916 213 961 ‚i
243 871 322 953 lica
347 873 573 980 lpecialiter
603 865 816 982 deputatus
842 865 996 948 dileelis
1023 861 1119 948 fitne
1150 865 1346 972 Magistro
1372 873 1509 953 Gene-

178 1021 230 1078 „·
246 983 349 1074 tali,
379 977 645 1087 Praepoliris,
675 982 716 1066 δι
744 975 977 1073 Fratribus,
1001 1007 1048 1062 ac
1101 975 1257 1076 arlonis
1282 980 1508 1067 domorum

177 1095 416 1188 „Ordinis
459 1096 809 1190 Humiliatorum,
846 1004 1148 1175 venerabilibus
1191 1096 1287 1175 viris
1333 1095 1508 1181 domino

180 1257 214 1301 „
247 1211 440 1320 Philippo
452 1207 503 1291 de
537 1202 696 1292 Vatifio
722 1205 977 1316 praesentato
1007 1203 1208 1292 Ecclesiae
1229 1206 1448 1319 Januensa,
1467 1211 1510 1296 ὅτ

179 1368 214 1414 ‚,
245 1325 380 1405 Priori
409 1375 533 1408 .....
564 1324 698 1407 Sancti
726 1322 827 1404 Sinti
855 1321 907 1402 de
931 1324 1058 1434 Janua
1088 1318 1257 1406 salutem
1292 1329 1333 1402 in
1361 1322 1511 1406 Domi·

178 1457 212 1527 ss
244 1461 301 1518 no
327 1433 641 1548 sempiternam.
674 1437 887 1519 Noveriris
916 1459 990 1518 nos
1022 1431 1211 1546 receptlle
1240 1435 1322 1517 dte.
1351 1488 1383 1534 „

297 1549 451 1633 Narrat
496 1552 744 1653 Anonymus
773 1546 935 1633 Pisanus
958 1547 1137 1657 superius
1168 1547 1379 1643 laudatus,
1419 1554 1512 1654 (r),

179 1660 225 1745 &
253 1665 342 1772 poll
371 1689 462 1746 eum
492 1665 792 1770 Marangonius
817 1669 882 1766 (a)
904 1666 1109 1773 joannem
1139 1658 1186 1742 de
1209 1664 1390 1774 Grangia
1414 1666 1512 1746 San·

175 1777 266 1856 diae
285 1779 498 1866 Romanae
528 1774 727 1863 Ecclesiae
755 1774 1046 1870 cardinalem,
1077 1777 1119 1859 bt
1147 1778 1412 1884 Apolloltcae
1438 1783 1508 1860 Se·

180 1888 247 1969 dis
277 1889 474 1999 Legatum
502 1917 614 1974 anno
646 1898 765 1996 1378.
795 1892 959 1972 ineunte
991 1888 1096 1972 Pisas
1137 1886 1313 1982 venisse,
1344 1917 1391 1972 ac
1420 1891 1510 2000 post

181 1997 353 2085 brevem
383 2013 425 2086 in
451 2002 526 2086 hac
549 2001 649 2087 utbe
667 1998 946 2094 manfionem,
967 1997 1037 2084 ubi
1065 2031 1087 2085 a
1115 2005 1238 2086 Petro
1261 2003 1512 2087 Gambacut-

177 2134 254 2207 ta,
280 2115 448 2227 aliisque
475 2116 644 2200 Civibus
675 2112 948 2198 liberaliffime
985 2118 1176 2197 ariaratus
1202 2116 1282 2209 est,
1319 2110 1504 2226 petiille,

178 2228 448 2336 sergianum,
476 2232 562 2339 quo
595 2250 870 2312 convenerant
899 2224 1112 2310 Bernabos
1137 2227 1366 2312 Mediolani
1396 2232 1508 2324 Dux,

183 2337 324 2447 Legati
354 2346 723 2439 florentinorum,
749 2340 1014 2438 Pisanotum,
1053 2335 1315 2432 senensium,
1356 2339 1507 2425 Peruli-
1635 2375 1639 2384 “

185 2477 352 2548 notum,
384 2453 730 2549 Bononienstum,
758 2456 800 2538 &
830 2456 1002 2538 aliarum
1047 2454 1187 2539 ltaliae
1215 2455 1395 2540 Urbium
1426 2479 1508 2567 pro

182 2591 283 2677 pace
312 2570 574 2660 concilianda
602 2577 707 2652 inter
734 2570 988 2676 Gregoriutn
1017 2569 1122 2667 XL,
1154 2568 1195 2650 dl
1229 2571 1509 2653 Florentinos.

170 2677 264 2760 Sed
291 2706 464 2794 accepto
494 2683 670 2776 nuntio,
698 2685 948 2788 Gregorium
981 2680 1111 2791 ipsum
1136 2681 1276 2765 obiille
1298 2689 1509 2798 Joannem

177 2792 448 2881 Cardinalem
477 2792 691 2880 reinserta
720 2799 920 2902 Sergiano
947 2791 1178 2905 profectum
1207 2791 1283 2879 elle
1325 2798 1507 2894 Lucam,

173 2903 357 3017 indeque
386 2906 491 2994 Pisas
523 2906 590 2991 die
607 2905 714 2992 sexta
744 2902 885 2988 mensas
911 2908 1070 3018 Aprilis
1100 2905 1341 2991 redeuntem
1371 2905 1506 2994 lecum

57 3085 65 3104 s
172 3014 332 3106 duxille
364 3019 729 3132 Archiepiscopum
748 3011 959 3110 Palatium,
988 3046 1149 3129 unaque
1180 3046 1274 3104 cum
1302 3021 1390 3134 ipso
1421 3026 1509 3107 Ro·

172 3157 287 3215 mam
315 3133 542 3243 navigasse.
574 3138 635 3217 Ex
665 3133 740 3216 hac
772 3138 1009 3216 narratione
1037 3137 1278 3242 colligitur,
1312 3133 1382 3219 nist
1413 3161 1508 3222 mc·

177 3241 314 3345 fallo,
342 3246 596 3334 Franciscum
622 3272 675 3330 eo
699 3271 886 3356 tempore
912 3247 1044 3328 Lucae
1074 3243 1278 3348 mansnle3
1307 3246 1501 3334 verisimi-

172 3358 216 3443 le
244 3364 354 3442 enint
380 3362 435 3443 est
460 3389 510 3443 ex
539 3358 653 3444 Urbe
672 3356 766 3443 Pisis
801 3355 1005 3443 diicellille
1032 3356 1090 3441 ob
1114 3365 1524 3456 excommunicatio&

178 3472 573 3566 nis,.&interdirti
603 3497 810 3581 poenam,
841 3478 904 3556 cui
933 3470 1051 3557 adie
1082 3485 1122 3557 6.
1153 3475 1397 3557 Decembris
1437 3503 1509 3559 an·
1653 3553 1655 3558 .
1708 3573 1712 3580 ¹

174 3580 226 3663 ni
257 3583 535 3690 praecedentis
560 3586 722 3670 subiecti
738 3609 856 3670 erant
880 3585 1039 3685 Pisani,
1061 3594 1258 3699 quoniam
1288 3582 1382 3673 cum
1405 3588 1509 3671 Flo·

175 3695 358 3778 reatinis
383 3699 740 3782 communicabant
766 3703 853 3809 (3).

290 3808 363 3891 Ab
388 3810 565 3896 Urbano
591 3811 667 3898 Vl.
691 3812 873 3897 oriundo
900 3809 1047 3901 Pisano
1071 3818 1165 3922 (4),
1195 3816 1268 3925 qui
1290 3816 1505 3922 Gregorio

1374 3930 1458 4014 XI.

173 4034 226 4114 (a)
246 4037 306 4096 Cal.
329 4056 417 4108 1072.

171 4118 225 4194 (a)
246 4118 380 4177 croniebe
399 4117 430 4175 aa·
450 4118 510 4197 Pisa
534 4118 585 4178 rol.
605 4135 676 4192 779.

174 4204 221 4271 (3)
245 4193 359 4259 confer
377 4204 576 4275 anonymum
597 4199 724 4261 citatum
744 4196 868 4274 ibidem,
888 4213 922 4259 ae
944 4196 1114 4260 'frontium
1131 4212 1198 4281 pag.
1219 4199 1291 4282 4⁴⁹·

172 4277 226 4360 (a)
248 4273 365 4341 Urbani
393 4281 514 4339 Patrem
539 4274 697 4352 Pisanum,
717 4279 749 4339 dt
774 4286 907 4343 Matrem
923 4277 1162 4358 Neapolitanam
1196 4278 1316 4360 optimo
1335 4272 1403 4354 jure
1435 4276 1513 4346 dicit

256 4355 424 4427 Protinus
442 4357 559 4440 tygris.
571 4374 639 4441 pag.
657 4375 750 4438 250„
773 4355 825 4422 iad
841 4355 915 4438 dum
932 4355 998 4437 ait,
1018 4355 1161 4444 utrosque
1183 4357 1334 4442 ignobiles
1354 4354 1514 4436 turrecr-

1400 4459 1404 4467 '
1425 4453 1473 4505 rat
