4267 5884
542 538 591 621 H
613 537 638 621 1
662 534 697 625 S
723 539 758 621 T
786 536 886 622 Oli
914 537 937 621 1
964 535 1001 626 A
1017 544 1031 623 .’
1256 557 1259 563 ’
1345 565 1399 648 97

128 662 158 754 3,
187 645 239 734 ad
280 642 464 735 Pisanum
500 646 720 737 Ecclesiam
745 646 1107 736 administrandam
1148 645 1340 734 admotus
1366 649 1464 751 esti

129 817 159 863 ‚‚
196 791 273 848 nce
303 765 442 860 illius,
468 764 713 878 alteriusque
750 769 828 850 alia
873 770 1028 852 mentio
1070 773 1295 878 reperitur,
1341 763 1456 877 quod

129 931 161 978 ‚,
191 875 407 965 senimihi
444 882 687 990 opinionem
730 880 900 989 injecit,
941 906 1069 966 unum
1111 883 1287 963 omnino
1334 885 1460 964 Fran·

130 1047 160 1095 ‚,
196 991 342 1077 ciscum
384 998 580 1091 nomine,
623 997 821 1104 illumque
868 998 1190 1081 Moricottorum
1244 993 1456 1105 prosapie..

125 1103 411 1205 „oriundum
452 1106 587 1205 fuisse,
614 1134 705 1194 cum
743 1109 997 1194 certislimunr
1041 1109 1228 1193 videatur
1266 1107 1373 1192 illius
1418 1133 1460 1189 e·

128 1274 158 1320 ,‚
192 1222 416 1307 'lestioncm
445 1249 557 1308 anno
591 1253 740 1335 1371„
765 1218 793 1307 fi
818 1220 870 1306 rb
896 1249 949 1307 eo
977 1221 1196 1308 Francisco
1222 1222 1373 1305 Puccio
1401 1222 1462 1307 rl·

127 1389 158 1435 ‚,
191 1356 253 1418 ter
280 1332 419 1434 soret,
457 1341 736 1422 monumentis
765 1336 1097 1421 commendatam
1143 1357 1348 1448 repertum
1379 1335 1457 1418 iri:

127 1500 157 1546 ,‚
189 1448 354 1534 tandem
386 1452 475 1561 poll
503 1455 698 1566 ancipites
715 1445 1019 1561 cogitationum
1041 1452 1170 1536 aellur
1196 1458 1237 1534 in
1263 1475 1351 1535 enm
1367 1452 1459 1561 opi·

127 1615 156 1661 „
190 1566 362 1648 nionem
390 1561 599 1674 [correeffl]
624 1571 740 1652 illum
767 1571 958 1652 Puccium
987 1567 1113 1673 gratis
1138 1562 1372 1672 adjettun,
1411 1589 1461 1647 rc

133 1727 161 1774 „
192 1679 362 1762 unicum
380 1684 633 1768 Francil'cum
656 1683 927 1765 Moricottum
945 1677 1107 1765 Urbani
1135 1681 1210 1765 Vl.
1226 1706 1277 1762 ex
1303 1681 1461 1763 Sorore

131 1841 159 1887 „
193 1807 389 1904 nepotem
420 1797 467 1877 iis
497 1793 752 1906 temporibus
780 1791 943 1903 viguisse
970 1846 1030 1891 „.
1062 1793 1220 1877 Verum
1251 1819 1344 1877 cum
1374 1818 1461 1878 cer·

127 1930 165 1994 tr
196 1929 460 1992 monumenta
488 1908 697 2021 perspicue
721 1906 965 2003 ostendant,
989 1899 1247 1992 Franciscum
1280 1931 1406 1993 unum
1435 1931 1460 1990 e

133 2019 265 2105 domo
293 2023 432 2105 Putria
457 2048 625 2119 narum,
654 2025 695 2107 δι
727 2021 779 2106 ab
805 2024 1055 2110 Innocentio
1097 2020 1172 2109 Vs.
1216 2019 1462 2106 Pontificem

137 2133 325 2221 Pisanum
355 2161 535 2222 creatum
567 2134 677 2220 fuisse
695 2166 708 2237 ς
735 2135 911 2221 alterum
949 2138 1050 2224 verb
1093 2164 1115 2220 e
1157 2132 1310 2220 sentilla
1336 2140 1463 2219 Mori·
1493 2203 1497 2210 .

131 2272 245 2342 retra,
284 2273 449 2346 ortum,
493 2250 759 2359 Pisanumque
801 2247 1169 2366 Archiepiscopum
1218 2243 1368 2333 fretun
1407 2245 1462 2333 ab

107 2363 313 2474 *Urbano
339 2367 390 2449 V.
418 2364 506 2476 ipso
534 2365 737 2474 Uglrellio
763 2365 888 2461 teste,
918 2390 1060 2450 caecus
1086 2366 1141 2449 est
1169 2362 1241 2468 qui
1286 2388 1373 2448 non
1404 2366 1462 2449 vi·

135 2473 238 2573 det,
266 2474 479 2588 probeque
501 2483 725 2589 intelligit,
750 2478 853 2563 duos
880 2473 1054 2564 extitisse
1079 2499 1150 2593 pet
1173 2471 1275 2562 haec
1292 2501 1455 2593 tempo·

136 2615 179 2675 re
206 2590 552 2706 archiepiscopos*
580 2599 749 2678 nomine
780 2592 1009 2680 Francisci.

243 2705 357 2791 Idem
373 2703 453 2819 ipse
470 2707 935 2817 Ughelliusexistimat‚
961 2704 1222 2792 Franciscum
1249 2710 1459 2805 Puccium‚

131 2815 352 2925 siquidem
380 2820 734 2908 Pisanusllnristee
760 2849 954 2933 umquam
984 2819 1087 2915 fuit,
1127 2824 1260 2907 evita
1292 2821 1462 2931 migras·

125 2924 164 3017 se
188 2957 306 3017 anno
335 2964 483 3045 1370„
509 2963 622 3047 quo,
653 2966 697 3022 ut
724 2939 796 3022 ille
826 2960 971 3051 puter,
1001 2942 1042 3021 in
1074 2935 1343 3021 Prlrellinem
1392 2964 1462 3021 nt-

121 3047 304 3155 vigavit‚
321 3049 683 3156 Hierosolymam,
705 3052 887 3162 aliosque
902 3048 1037 3136 secrot
1056 3050 1174 3134 locos
1203 3044 1457 3135 visitaturus:

117 3161 165 3244 r'rr
213 3161 386 3276 longiore
424 3168 574 3248 itinere
607 3171 743 3279 potnit
767 3162 901 3274 obiiffe
929 3163 1055 3247 erdem
1098 3192 1229 3262 anno,
1259 3192 1344 3248 erem
1373 3163 1458 3277 ejrre

115 3272 308 3387 surcessnr
332 3284 557 3393 reperiatur
579 3306 820 3392 annot371.
845 3283 890 3362 in
916 3275 1075 3391 Pisanis
1095 3276 1275 3362 rabulis.
1304 3279 1384 3364 Sed
1414 3301 1458 3364 ut

113 3413 382 3583 praeteream
411 3392 776 3509 Archiepiscopum
794 3389 981 3479 Pisanum
1010 3399 1052 3477 in
1082 3395 1324 3478 Palestinam
1360 3420 1456 3504 pro-

134 3509 277 3589 eamn
306 3532 393 3592 non
419 3506 496 3593 esse
525 3506 594 3594 nili
622 3537 734 3594 enno
782 3536 932 3618 1373„
976 3504 1209 3593 Franciscue
1238 3507 1287 3590 de
1326 3509 1458 3593 Mori·

112 3620 394 3702 coctis‘rnno
428 3636 546 3728 1369.
588 3622 721 3709 mense
754 3624 891 3734 Aprili
932 3649 1108 3706 exeunte
1153 3623 1304 3709 Pisanis
1346 3648 1462 3734 prce-

112 3753 216 3816 erat
246 3734 339 3835 (r),
368 3734 627 3842 proindeque
652 3760 751 3823 tunc
779 3742 861 3846 jam
885 3735 1054 3820 obierat
1084 3736 1318 3822 Franciscus
1364 3740 1463 3819 Puc-

117 3848 244 3928 cius.
269 3840 338 3927 Ad
367 3872 519 3930 annum
560 3850 835 3937 emortualem
870 3850 988 3958 hujus
1024 3850 1139 3964 quod
1170 3856 1343 3952 attinet,
1382 3875 1463 3959 ego

119 3956 310 4047 libenter
339 3955 547 4047 subscribo
576 3966 703 4049 l’etro
727 3960 931 4053 Cerdolio
961 3960 1176 4063 asserenti,
1217 3973 1340 4053 vitam
1368 3990 1462 4051 eum

800 4085 841 4164 N
1297 4104 1411 4164 ruor-

118 4270 167 4349 (ι)
191 4272 233 4335 1n
265 4265 467 4337 instrumento
486 4267 569 4333 enim
598 4265 737 4334 confert·
763 4269 858 4336 tertio
889 4270 1032 4338 calendis
1067 4273 1166 4351 Maias
1198 4293 1280 4340 anno
1309 4276 1466 4342 communi

212 4353 303 4424 ¹³⁶⁹·
326 4344 601 4429 Arcbiepiseopur‚
626 4349 678 4432 qui
702 4365 774 4414 tunc
800 4349 921 4415 Pinnos
941 4354 1091 4434 regebat,
1113 4355 1226 4421 dicitur
1244 4357 1277 4417 tle
1314 4357 1394 4435 Viro,
1416 4356 1467 4420 sed

208 4425 386 4493 franciscus
407 4426 447 4491 de
469 4426 643 4493 Moricottis
660 4449 700 4495 ex
719 4430 776 4496 hoc
796 4432 910 4575 oppido
942 4451 1032 4511 eret,
1061 4453 1122 4498 oon
1156 4453 1258 4500 autern
1294 4435 1466 4503 franciscus

210 4509 354 4660 Pupeius.
377 4505 615 4574 lustramentum
633 4507 725 4576 elliu
747 4517 811 4577 Arc
835 4530 889 4579 rro
910 4513 1019 4581 Pisano
1039 4519 1096 4580 PP-
1110 4514 1367 4583 olivetanorum.
1383 4539 1465 4580 num.

208 4608 246 4645 er
273 4631 281 4645 .
1270 4607 1275 4614 '
