4267 5884
481 586 1021 694 ”Bistonia
1134 590 1142 601 ’
1222 700 1225 705 ,
1340 639 1387 720 η

56 784 58 791 .
112 754 142 827 ’,,
172 723 213 809 ει
229 722 357 828 gratia
374 719 749 830 ,quamnnbis‚&
777 717 954 806 familiae
970 716 1132 805 nostrae
1160 717 1347 809 fecerunt
1377 726 1454 812 ibi·

107 858 141 942 3,
170 838 263 919 dem
282 866 297 935 ,·
314 835 353 918 dc
370 833 477 918 facin
494 833 560 918 die
579 839 692 917 Beati
706 838 902 943 Rsynetii
933 837 1021 949 post
1038 835 1206 918 Nonam
1220 888 1233 930 ‚
1248 863 1350 945 quae
1374 835 1451 926 luit

115 1009 142 1053 „
177 980 244 1055 aa.
290 950 479 1032 calendas
505 951 605 1063 Julii
643 953 889 1033 intravimus
912 953 1115 1043 Galeam,
1143 950 1184 1034 δὲ
1223 951 1445 1064 prospere..

107 1082 139 1165 '„
171 1064 333 1147 favente
370 1063 519 1149 Divina
549 1065 677 1172 gratia
706 1066 941 1171 navigantes
971 1067 1230 1177 pervenimus
1259 1064 1310 1148 ad
1345 1071 1444 1153 Pos-

106 1203 136 1276 ·.,
165 1178 452 1263 tumsanetae
482 1180 632 1262 Luciae
659 1179 703 1260 in
733 1176 980 1291 Epil'copatu
1012 1173 1275 1274 Gaitellenli,
1304 1177 1374 1264 ubi
1403 1209 1445 1265 e-

110 1346 139 1394 „
169 1292 320 1377 lelium
354 1287 470 1403 ipsius
496 1288 741 1403 Episcopum
767 1287 1125 1388 confirmavimus,
1154 1315 1246 1377 nam
1275 1292 1445 1404 praede·

109 1459 139 1510 ,‚
165 1402 295 1491 celsor
322 1398 410 1488 suus
448 1404 530 1489 illis
557 1401 702 1489 diebus
731 1400 863 1489 fuerat
892 1404 943 1489 de
973 1405 1049 1490 hac
1077 1407 1167 1493 luce
1193 1402 1443 1515 lubtraclus,

110 1577 138 1622 ,‚
166 1520 210 1604 δι
239 1515 592 1619 consecrationem
628 1514 743 1625 ipsius
786 1518 905 1603 alesti
941 1521 1154 1633 postquam
1185 1546 1259 1603 nos
1299 1521 1444 1611 reveri

101 1656 137 1733 ‘,‚
164 1631 314 1718 finimus
343 1631 452 1718 Pisas
469 1630 611 1717 ‘tribus
639 1631 849 1743 Episcopis
873 1634 1117 1726 Sardiniae,
1144 1631 1305 1718 icilicet
1331 1634 1444 1720 Civi-

109 1797 137 1847 „
161 1743 329 1840 tarent,
356 1747 397 1831 dt
412 1743 573 1831 duobus
599 1742 871 1856 suffraganeis
890 1745 1204 1862 Arcbiepilcopl
1229 1751 1441 1836 Turritani

108 1859 353 1960 „duximus
388 1860 769 1947 committendam:
802 1861 844 1945 δι
874 1861 973 1945 inde
1004 1864 1217 1973 galeames
1242 1888 1294 1944 ex
1326 1861 1399 1948 Ins
1428 1917 1443 1938 .

107 1976 202 2074 „la
234 1975 494 2086 pervenimus
522 1979 565 2059 in
596 1979 769 2060 Portum
808 1978 1046 2071 Ferrarlae,
1086 1976 1127 2060 dt
1154 1973 1340 2088 sequenti
1364 1962 1439 2062 'dle

109 2140 136 2188 ‚,
162 2092 204 2173 iia
231 2094 290 2174 Po
349 2089 532 2185 leniam,
562 2085 713 2171 deinde
744 2087 852 2199 apud
883 2089 1085 2178 Vadam:
1125 2086 1193 2171 die
1234 2090 1438 2177 Mercurii

110 2255 137 2302 „
162 2202 252 2314 pull
299 2201 425 2286 elium
447 2208 488 2289 S.
509 2204 682 2316 Josnnis
708 2201 911 2313 Baptistae
938 2205 1184 2288 intravimus
1211 2198 1439 2290 Civitatem

112 2368 139 2413 „
166 2315 346 2402 Pilatum
377 2313 657 2402 conducentes
692 2314 931 2415 tubatorea,
974 2317 1027 2402 da·
1053 2318 1301 2401 marinarios
1327 2316 1437 2430 apud

114 2480 143 2528 „
168 2431 352 2515 Sanllum
383 2435 615 2518 Ruxurium
651 2429 704 2512 de
742 2430 880 2514 Galeis
919 2429 1190 2540 Regnicolis,
1230 2454 1341 2539 quae
1379 2429 1439 2518 ibi

114 2594 144 2641 „
170 2554 401 2630 annuerant
437 2571 516 2658 pao
548 2542 689 2629 solidis
716 2575 815 2648 40„
841 2564 888 2628 ut
926 2570 1020 2630 cum
1056 2546 1188 2630 Galea
1227 2546 1348 2655 plene
1374 2571 1439 2629 ar·

109 2710 138 2755 ,,
167 2681 298 2753 mata,
337 2659 379 2743 bs
408 2681 550 2746 ornata
584 2660 845 2745 intraremus
867 2685 950 2771 pru
977 2686 1032 2743 en
1070 2655 1277 2751 maxime,
1318 2657 1437 2771 quod

107 2820 136 2865 ‚,
164 2770 321 2857 Civitas
344 2773 480 2859 nostra
497 2800 587 2858 cum
619 2771 810 2859 societate
836 2795 924 2858 tota
944 2795 1098 2860 contra
1127 2771 1315 2857 Lucanos
1347 2793 1436 2859 erat

100 2934 128 2981 „
157 2884 200 2970 in
232 2881 447 2972 oblidione
471 2888 579 3000 apud
604 2887 888 3000 cappianum,
917 2886 1033 2995 quod
1060 2911 1157 2974 tunc
1183 2908 1439 2997 coepes-uns,

96 3050 125 3099 „
153 2997 196 3083 dc
225 2995 353 3085 eiiam
383 3002 843 3099 Muniam-Falconem,
877 3001 919 3084 dt
953 2997 1294 3109 licpervenimus
1328 2994 1439 3112 apud

95 3162 125 3208 „
153 3113 272 3225 ricag
302 3139 373 3201 um
417 3119 550 3203 Sanlti
578 3117 689 3200 Petri
719 3112 771 3197 ad
793 3111 1000 3209 Vincula,
1023 3112 1065 3197 bc
1092 3109 1249 3196 ibidem
1276 3111 1435 3195 Galea,

91 3277 120 3327 ‚,
149 3225 361 3315 adducta
388 3231 446 3316 eli
476 3224 583 3343 quasa
613 3228 769 3314 dicaret
797 3224 1128 3313 descendendum
1168 3227 1225 3312 est
1255 3221 1349 3318 hic,
1389 3224 1434 3311 dt

89 3390 119 3441 ,‚
150 3338 439 3430 descendimus
465 3349 509 3429 in
537 3340 709 3427 numine
731 3337 827 3457 Jesu
856 3340 1035 3433 Chatti,
1066 3364 1210 3425 aman.
1239 3337 1299 3435 Et
1329 3331 1436 3424 falia

86 3505 115 3553 ‚a
147 3460 317 3542 ratione
341 3486 434 3543 cum
465 3458 709 3543 camerario
740 3453 883 3540 nostro
920 3455 1147 3539 invenimus
1178 3476 1255 3537 nos
1282 3478 1432 3563 expen-

84 3620 114 3667 ,‚
146 3566 254 3655 dille
274 3571 378 3657 ultra
401 3570 600 3668 donarial
626 3594 733 3686 quae
756 3567 921 3656 fumum
942 3566 1015 3656 lib.
1040 3599 1115 3665 ιι,
1146 3565 1274 3652 libeas
1302 3595 1430 3651 occe.

84 3730 115 3778 as
147 3683 209 3767 de
241 3684 407 3791 propria
447 3690 786 3793 Camera(1)‚a·
1110 3714 1115 3725 ’

207 3793 245 3876 Ε
276 3795 459 3880 Sardinia
489 3800 664 3885 reverias
695 3801 876 3906 primum
916 3793 1096 3910 lapidem
1130 3791 1356 3881 collocavit
1388 3793 1433 3881 ita

85 3904 379 3995 fundamentis
423 3908 721 4011 Eccleliae‚&
760 3911 1001 3999 Manasterii
1022 3967 1036 4010 ,
1059 3908 1178 4019 quod
1213 3913 1256 3993 in
1297 3909 1432 3997 valle..

84 4017 314 4107 Calcisana
338 4018 557 4109 aedificare
600 4031 737 4136 coepit
774 4023 847 4111 sub
888 4024 951 4111 his
991 4022 1248 4134 temporibus
1285 4026 1430 4106 Beatus

80 4140 221 4246 Hugo
251 4135 413 4223 Pilanus
432 4134 774 4249 Artbiepileopus
799 4135 1068 4226 nicolanus.
1084 4141 1165 4222 Dte
1191 4160 1291 4218 vero
1318 4159 1431 4218 mea.

77 4246 127 4335 ns
160 4249 414 4339 Decembris
458 4279 526 4337 ar.
569 4249 760 4339 cunceffit
787 4253 1072 4446 guadragma
1112 4247 1263 4336 dierum
1300 4250 1433 4333 crimi-

535 4396 541 4403 .
742 4416 747 4423 ‚
1306 4387 1378 4449 m·

79 4582 132 4667 (r)
154 4586 405 4648 Monumentum
429 4577 486 4645 boc
505 4576 551 4648 all
570 4578 605 4648 la
624 4577 741 4651 wite
757 4522 957 4659 flammina,
977 4576 1018 4646 de
1031 4595 1095 4662 mo
1121 4575 1223 4660 postas
1247 4593 1338 4659 agam
1359 4571 1429 4651 dili·

161 4675 305 4757 ganter,
323 4683 408 4728 suaa.
432 4679 500 4741 104.
