4267 5884
689 561 769 666 rao
912 560 1320 648 accrum
1349 560 1674 650 PISANAE

622 672 679 762 ab
695 680 847 784 quinto·
865 672 1031 758 decimo
1055 702 1167 758 anno
1192 674 1245 759 ad
1270 671 1555 785 sexagesimum
1579 675 1718 762 severa·
1741 671 1846 786 lege
1861 701 1972 785 pro-

630 793 809 898 mulgata
835 814 885 872 ex
905 787 1022 873 Urbe
1050 785 1256 874 discedere
1274 792 1425 900 ‚conati
1457 788 1570 885 sunt,
1602 788 1965 901 quenadmodum·

629 906 822 992 Andreas
854 900 997 988 Billius
1028 911 1143 1009 (r),
1173 903 1216 988 bl
1246 908 1387 990 Petrus
1411 906 1656 1021 Justinianus
1687 911 1772 1008 (a)
1809 905 1956 990 litteris

626 1015 941 1127 consignarunt.
977 1018 1186 1131 Julianum
1218 1018 1269 1101 ad
1299 1020 1405 1103 hanc
1442 1022 1578 1129 legem
1617 1014 1828 1100 ferendam
1858 1019 1967 1101 hor·-

625 1155 754 1219 tatum
780 1132 857 1215 elle
886 1132 1176 1227 Florentium,
1203 1129 1269 1218 seu
1286 1140 1418 1244 potius
1446 1129 1619 1218 eandem
1636 1136 1768 1241 legem
1809 1157 1956 1215 execu-

625 1248 731 1330 tioni
762 1243 961 1327 mandasse
992 1271 1128 1330 narrat
1153 1244 1264 1329 idern
1293 1245 1376 1359 ipse
1405 1248 1576 1341 Billius‚
1608 1248 1678 1357 qui
1717 1243 1952 1355 Archiepis-

625 1387 776 1470 eopum
804 1361 988 1442 nostrum
1017 1361 1140 1444 veluti
1168 1384 1416 1466 tyrannum,
1446 1365 1643 1473 gregique
1671 1354 1742 1441 suo
1780 1355 1951 1445 infestis·

625 1473 767 1561 simum
786 1500 856 1586 pet
882 1471 1078 1558 summam
1107 1476 1301 1559 iniuriam
1328 1476 1515 1587 depingit
1539 1480 1599 1559 ita
1621 1468 1803 1558 scribens
1827 1527 1857 1571 ‚‚
1887 1489 1968 1554 ve:

623 1640 654 1687 ‚,
685 1590 750 1672 riti
774 1594 930 1673 interea
961 1590 1217 1686 florentini,
1245 1569 1456 1676 ne¹Pisani
1482 1609 1622 1703 portas
1647 1583 1827 1669 hostibus
1857 1613 1954 1697 ape·

624 1753 654 1800 „
685 1707 842 1793 citent,
869 1700 1299 1799 remnttociffimam,
1334 1704 1535 1817 superque
1561 1726 1728 1786 omnem
1760 1701 1953 1783 inhuma-

623 1837 654 1914 ,·,
686 1821 850 1901 nitatem
875 1813 1161 1901 incredibilem
1188 1816 1508 1927 aggrediuntur,
1548 1811 1665 1899 millo
1700 1814 1863 1909 edicio,
1897 1839 1955 1898 ne

623 1981 654 2028 „
684 1934 773 2042 quis
806 1928 967 2015 Pisanus
995 1933 1098 2018 inste
1131 1931 1552 2043 quintumdecimum,
1590 1923 1956 2039 sexagesimumque

622 2095 653 2145 ‚‚
683 2039 834 2129 annum
862 2043 905 2127 in
936 2043 1055 2129 Urbe
1082 2069 1335 2132 remaneret.
1364 2051 1473 2132 Tam·
1498 2046 1612 2156 impii
1651 2039 1847 2127 facinoris
1876 2046 1972 2127 mi*

505 2235 511 2248 .
622 2210 653 2254 ‚‚
683 2159 805 2243 nister
836 2164 926 2267 (3),
955 2181 1202 2269 quamquam
1230 2187 1308 2271 pro
1341 2162 1454 2247 Sacri
1483 2159 1662 2243 Ordinis
1692 2155 1950 2241 verecundie

621 2325 653 2370 „
683 2272 805 2382 pudet
833 2267 1013 2364 referte,
1037 2273 1225 2387 Julianus
1252 2273 1383 2361 homo
1411 2276 1701 2368 Florentinus,
1741 2269 1808 2355 sed
1842 2266 1950 2384 Pisa·

622 2441 653 2489 ‚,
684 2409 759 2470 nus
781 2382 1150 2498 Atcbiepiscupus.
1185 2387 1450 2474 Discurtebat
1474 2389 1546 2472 ille
1570 2408 1765 2481 armatus,
1795 2379 1947 2492 ubique

621 2550 653 2600 „
685 2500 849 2613 Pisanos
873 2496 1272 2611 prehensansmulli
1301 2497 1500 2589 momine
1529 2497 1752 2614 capiendae
1780 2497 1971 2608 quidem

622 2663 652 2711 ,‚
683 2642 708 2698 e
737 2613 868 2697 domo
893 2612 1111 2728 cujuspiam
1143 2620 1202 2703 rei
1247 2619 1422 2726 cogebar
1451 2619 1590 2715 exire,
1634 2616 1747 2699 ultro
1789 2618 1953 2697 eriam..

621 2781 652 2828 „
682 2725 986 2812 contumeliosa
1027 2729 1163 2819 verbis
1199 2735 1528 2845 improperans:
1570 2725 1636 2812 abi
1670 2724 1846 2841 proditor
1882 2728 1955 2807 Pi·
2085 2765 2089 2772 ·

621 2892 652 2944 n
674 2839 800 2954 sane,
830 2867 882 2925 ¹¹⁶
911 2867 1087 2939 uxores,
1123 2868 1194 2931 aut
1234 2849 1389 2934 liberos
1416 2844 1550 2933 secum
1588 2843 1739 2927 ducere
1767 2839 1956 2924 sineban-

621 3008 653 3054 ,‚
681 2980 747 3041 tur
764 2975 784 3042 .’
801 2959 906 3040 Dara
936 2956 1032 3042 inde
1060 2960 1223 3046 licentia
1252 2963 1536 3070 armatis‚qui
1565 2981 1666 3068 quas
1691 2956 1845 3039 vellent
1870 2954 1955 3036 do-

621 3121 653 3166 „
680 3088 772 3155 mos
801 3095 1076 3183 occuparent.
1104 3073 1299 3160 Miserum
1324 3075 1463 3161 disiul'
1485 3099 1675 3158 cerneres
1696 3092 1798 3164 toto
1827 3069 1954 3181 oppi-

622 3235 652 3279 ‚,
683 3183 741 3266 do
768 3192 1087 3291 commigrantes
1114 3215 1320 3275 matronas
1348 3193 1530 3297 virgines
1567 3185 1727 3277 secum,
1768 3212 1816 3268 ac
1856 3207 1952 3293 pat·

621 3349 653 3394 ‚‚
683 3300 799 3382 vulos
828 3298 1032 3384 trahentes
1070 3327 1082 3385 t
1113 3326 1199 3388 tum
1227 3303 1305 3392 sese
1333 3331 1375 3389 ut
1401 3324 1590 3411 quaeque
1622 3319 1814 3412 poterant
1852 3301 1949 3380 unis

621 3464 652 3508 ‚‚
682 3409 873 3494 domibus
900 3412 1196 3516 occludentes,
1224 3429 1308 3511 ηεξ
1339 3442 1384 3503 ut
1411 3422 1551 3525 ajunt,
1576 3421 1677 3524 lupo
1707 3440 1802 3493 oves
1822 3437 1954 3521 prae·

620 3578 651 3623 „
683 3525 758 3609 dae
782 3521 952 3614 fierent.
980 3532 1181 3616 cetarum
1209 3531 1310 3645 quid
1335 3559 1438 3640 opus
1457 3530 1514 3614 esi
1541 3526 1748 3613 referam?
1777 3524 1867 3636 lpse
1891 3549 1951 3609 ex

618 3690 648 3744 ‚‚
679 3637 957 3752 praesentibus
979 3643 1140 3740 audivi,
1167 3644 1380 3728 nonaliud
1405 3668 1491 3729 tum
1517 3642 1643 3728 visunt
1669 3639 1790 3736 eius,
1819 3663 1954 3750 quam

618 3806 649 3856 a>
679 3756 794 3865 quon
824 3753 877 3841 de
905 3760 1034 3873 captis
1060 3759 1367 3870 Hierosolymis
1394 3754 1603 3846 scribunt.
1627 3757 1696 3843 Sic
1723 3754 1837 3866 saepe
1863 3778 1957 3839 ma·

1783 3921 1813 3966 ‚,
1830 3867 1895 3951 lo·

619 3980 671 4056 (r)
691 3978 810 4054 Histria
827 3989 930 4044 Rerum
944 3985 1250 4062 Mediolanensiirrttstl.
1265 4010 1295 4063 9.
1315 3991 1367 4050 tos.
1379 3990 1446 4064 148.
1456 3995 1486 4050 Τ.
1499 3991 1587 4051 XIX.
1606 3994 1637 4050 S.
1647 3993 1681 4048 1.
1692 3989 1766 4050 ital.

618 4067 662 4135 (ὃ)
683 4066 786 4123 Rerum
806 4069 971 4125 l'enetarum
998 4064 1035 4124 ab
1056 4066 1125 4127 Urbe
1143 4072 1258 4132 condita
1285 4070 1404 4142 Hiserr'a
1435 4068 1485 4130 tib.
1511 4091 1538 4143 7.
1555 4086 1621 4149 pag.
1644 4086 1713 4148 ²¹3·
1736 4065 1803 4128 edit.
1829 4069 1955 4126 renem

699 4150 786 4214 ¹5⁶0·
807 4189 828 4219 ,,
849 4142 942 4206 veriti
962 4144 1066 4226 itaque
1089 4147 1283 4236 florentini,
1299 4167 1338 4212 ne
1354 4152 1386 4211 aa
1406 4146 1490 4212 Pisae
1503 4167 1623 4231 quoqne
1642 4165 1659 4209 a
1681 4143 1773 4210 feroci
1791 4141 1874 4206 hoste
1894 4162 1955 4206 oe·

694 4263 719 4299 a,
739 4235 947 4312 cuperentur,
978 4221 1152 4291 miserabile
1164 4228 1295 4292 edition
1316 4228 1436 4312 publice
1457 4224 1640 4309 proposuere
1656 4227 1695 4289 ad
1716 4224 1974 4289 exonerandam·

695 4343 720 4378 ,‚
742 4301 942 4366 multitudine
962 4299 1127 4385 suspeslarn
1148 4308 1319 4373 civitatem
1333 4357 1344 4388 ‚
1359 4310 1499 4389 ueprius
1527 4327 1620 4391 quam
1636 4326 1725 4371 cerea
1741 4304 1870 4371 candela
1895 4321 1957 4368 ae-

695 4423 719 4456 „
739 4377 826 4522 {ensa
847 4378 1075 4524 ²sbsss¹¹¹¹⁶f5¹⁰l¹
1096 4387 1197 4484 cites
1218 4408 1326 4486 omnes
1346 4387 1634 4538 apuleio-decimo
1661 4389 1800 4452 anuo¹ad
1819 4381 1964 4465 sexages

524 4505 526 4507 ’
614 4542 663 4621 0)
685 4504 721 4602 iti
743 4479 848 4603 {saise
863 4467 1421 4616 ils.⁰i1llil¹r¹r2li⁰il⁰2¹iiil'⁰ilaie¹2{
1439 4469 1753 4637 diffideffrissle'eaure
1765 4594 1780 4629 ,
1792 4563 1857 4636 quo
1877 4539 1963 4613 usus

693 4618 942 4711 manonymn
965 4646 1039 4724 aaa
1057 4628 1252 4717 rimmo,
1278 4630 1395 4721 iqua
1415 4630 1564 4718 mn«.
